2864 4890
634 157 812 214 1111111111.
1237 171 1317 229 ⁸11

209 308 348 375 Edocuit
378 324 506 396 gentem
529 333 620 376 casus
648 313 775 401 aperire
802 315 941 381 futuros.
958 353 974 370 -

210 392 297 459 Utve
318 393 475 459 Palatinis
499 395 685 461 haerentem
706 398 842 462 collibus
863 399 943 463 oiim
1253 416 1315 469 560

211 477 295 543 (lum
314 478 420 543 subito
441 479 525 544 vidit
545 481 749 547 frondescere
771 481 930 548 Romulus
953 483 1089 567 hastam,

211 561 305 642 Quae
326 563 433 628 radice
456 587 560 646 nova,
584 589 651 629 non
673 567 763 631 ferro
783 568 887 632 stabat
908 570 1034 650 adacto,

207 644 270 727 Et,
294 646 360 736 jain
383 671 449 712 non
471 650 573 714 telum
593 651 647 714 sed
668 651 747 716 lenti
774 651 907 716 viminis
934 654 1046 734 arbor,
1098 683 1100 687 ¹

207 728 284 796 Non
314 749 511 819 exspectatas
541 734 637 799 dabat
666 735 899 800 admirantibus
928 739 1059 803 umbras
1068 763 1079 818 ;

207 816 277 880 Aut
297 840 355 881 sua
377 817 529 882 fluminea
549 843 623 883 cum
644 820 728 887 vidit
751 819 849 906 Cipus
871 819 905 884 in
927 823 1015 885 unda
1251 838 1311 892 565

209 898 351 967 Cornua.
395 899 486 966 Vidit
508 902 615 984 enim,
639 905 817 989 falsamque
838 905 873 968 in
893 905 1036 988 imagine
1060 907 1193 974 eredens

205 983 285 1048 Esse
307 987 423 1067 fidem,
449 986 557 1071 digitis
578 989 618 1052 ad
639 989 780 1055 frontem
800 1012 894 1075 saepe
917 988 1038 1069 relatis,

209 1067 303 1150 Quae
325 1070 426 1151 vidit,
449 1071 568 1156 tetigit;
591 1097 650 1137 nec
671 1073 738 1161 jam
760 1097 817 1138 sua
837 1074 963 1137 lumina
988 1075 1143 1141 damnans

206 1152 354 1234 Restitit,
377 1171 413 1220 ut
434 1155 541 1220 victor
563 1157 684 1222 domito
704 1158 856 1224 veniebat
879 1160 918 1222 ab
947 1159 1050 1240 hoste,

206 1238 258 1301 Ad
283 1240 472 1324 coelumque
494 1243 604 1305 oculos
628 1259 660 1307 et
686 1245 798 1307 eodem
820 1266 943 1307 cornua
966 1244 1081 1309 tollens
1251 1257 1312 1312 570

206 1321 445 1407 „Quicquid,“
468 1323 512 1390 ait
535 1327 682 1412 „superi,
704 1345 849 1393 monstro
873 1327 1076 1409 portenditur
1097 1327 1171 1410 isto,

206 1405 307 1486 „Seu
328 1409 447 1472 laetum
470 1425 534 1475 est:
557 1411 681 1497 patriae
701 1413 822 1478 laetum
843 1412 1028 1499 populoque
1051 1411 1184 1496 Quirini
1192 1438 1203 1493 3

205 1490 285 1556 Sive
306 1492 438 1557 minaxs
461 1494 541 1559 mibi
563 1493 656 1560 sit!“
700 1495 872 1581 Viridique
893 1521 910 1561 e
933 1495 1051 1584 cespite
1083 1499 1184 1562 iactas

203 1575 317 1641 Placet
339 1577 479 1642 odoratis
500 1580 652 1644 herbosas
673 1581 804 1666 ignibus
833 1604 918 1660 aras,

203 1659 352 1744 Vinaque
375 1662 429 1725 dat
450 1665 586 1749 pateris,
611 1681 884 1750 mactatarumque
912 1665 1091 1746 bidentum,
1250 1676 1310 1730 575

204 1744 292 1827 Quid
314 1745 375 1808 sibi
395 1746 596 1832 significent,
620 1750 812 1836 trepidantia
836 1748 974 1816 consulit
996 1766 1084 1814 exta.

203 1828 296 1913 Quae
318 1830 417 1894 simui
436 1833 584 1922 adspexit
606 1835 803 1924 Tyrrhenae
825 1834 929 1922 gentis
952 1833 1143 1921 haruspex;

155 1985 215 2036 566.
229 1985 456 2037 Fabuiohaeoestt
470 1988 600 2039 Romulus
611 1989 692 2040 basto
734 1986 800 2039 Mor.
817 1986 842 2037 1.
864 1988 889 2036 3.
913 1993 939 2036 et
952 1986 1051 2037 Zuliob.
1072 1986 1223 2051 remeabat,
1247 1990 1312 2053 quod

118 2063 206 2107 monte
218 2056 344 2105 Aventino
357 2055 496 2116 iaculatus
514 2065 554 2116 est
566 2058 592 2106 in
609 2057 694 2107 Pola·
736 2057 830 2120 recepit
847 2056 977 2116 Heinsius,
1000 2071 1046 2117 ego
1059 2057 1169 2106 retinere
1190 2074 1237 2107 non
1257 2074 1312 2110 sum

118 2126 205 2177 tinum
217 2124 243 2173 in
256 2139 367 2189 aprum,
381 2141 413 2173 eo
425 2125 515 2175 subito
533 2125 693 2188 rodirefino
735 2139 811 2177 ausus
824 2131 925 2189 propter
936 2139 1040 2189 parvam
1053 2126 1228 2177 auctoritatem
1240 2135 1312 2178 vete-

118 2193 194 2244 stetit
205 2199 231 2242 et
243 2193 322 2242 virere
335 2193 454 2259 sospitet
466 2194 493 2243 in
507 2194 624 2244 arborem
638 2212 693 2245 ore·
735 2209 789 2242 rum
803 2194 933 2242 libroruin.

117 2263 166 2314 vit.
194 2260 259 2312 Piut.
281 2261 332 2313 vit.
346 2261 419 2312 ltont.
434 2262 507 2314 Serv.
528 2263 561 2313 ad
574 2263 645 2327 Virg.
659 2264 691 2315 Α.
771 2263 832 2312 570.
859 2278 971 2313 cornua.
1005 2261 1068 2313 Mire
1087 2277 1157 2313 saue.
1179 2263 1224 2312 sed
1241 2261 1310 2313 Naso

119 2331 221 2394 111,46.
736 2330 811 2394 hujus
825 2332 889 2381 modi
904 2332 973 2381 lusus
985 2331 1010 2380 iu
1024 2332 1121 2381 deliciis
1135 2331 1219 2381 habet.
1246 2332 1310 2383 ilino
1373 2358 1379 2370 ·

152 2401 211 2452 566.
231 2399 523 2453 strenuosissimus
544 2399 630 2463 edidit,
650 2408 694 2454 ut·
736 2399 853 2450 Heinsius
876 2415 968 2450 novare
994 2416 1041 2449 non
1062 2400 1170 2450 debebat
1188 2400 1308 2465 bruelio,

116 2487 162 2532 oe,
177 2471 241 2535 quod
261 2471 317 2520 cod.
338 2468 366 2519 S.
386 2468 472 2530 Gall,
494 2469 609 2532 Rersm.,
632 2469 692 2520 Bne.
736 2471 801 2535 quod
814 2470 932 2520 exhibent
944 2470 1117 2531 ood.Bersm.,
1133 2470 1228 2534 berni,
1244 2471 1307 2530 Ox„

117 2538 142 2590 1.
157 2540 195 2602 2.,
211 2539 294 2601 Vrat„
308 2539 399 2589 Dresd.
408 2577 416 2604 ,
430 2536 506 2588 Goth.
523 2537 547 2588 1.
561 2537 606 2602 2.,
620 2538 690 2604 Lips.
734 2538 789 2588 Pol.
807 2539 830 2589 Ι.
845 2546 871 2588 et
883 2538 905 2589 V
919 2539 962 2588 olii
975 2539 1114 2590 Heiusiani.

114 2609 143 2664 2.
157 2617 182 2658 et
195 2610 225 2657 ed
238 2625 277 2675 pr.
298 2615 324 2658 et
343 2623 403 2657 vero
424 2607 498 2657 etiam
520 2622 607 2657 versus
628 2608 689 2660 565.
770 2607 831 2658 572.
845 2608 955 2674 patrios
967 2609 1076 2659 loetum.
1091 2607 1128 2658 lto
1142 2607 1306 2672 omnesvtv,

116 2678 271 2728 continuant.
294 2705 310 2713 -
329 2677 487 2728 hoerentem.
513 2693 545 2727 ex
565 2677 690 2728 Aventino
733 2685 838 2742 uterque
852 2678 965 2742 Berstn„
986 2678 1086 2739 lierni,
1108 2675 1198 2740 eset,
1219 2677 1306 2743 Capu,

114 2754 197 2797 monte
211 2748 286 2797 missa
300 2747 390 2796 haesit.
417 2746 505 2796 Gier.
734 2747 840 2810 Dresd.,
863 2745 938 2796 Goth.
954 2745 979 2796 1.
992 2746 1036 2810 2.,
1058 2745 1129 2812 Lips.
1149 2747 1193 2808 2.,
1215 2745 1306 2808 sulm,

152 2817 212 2867 563.
227 2817 410 2874 lentioimim's,
424 2831 462 2866 so.
473 2815 536 2880 quod
543 2815 633 2879 viride,
642 2831 690 2866 non
733 2815 817 2879 Vrat.,
832 2815 939 2879 Zwioe.,
953 2815 1126 2883 maximopere
1134 2816 1207 2865 codd.
1217 2815 1305 2866 Heius.

112 2885 167 2953 jam
180 2886 275 2935 aridum
294 2886 385 2948 lignum
405 2885 481 2935 fuisse
502 2885 635 2947 significat.
733 2892 759 2936 et
771 2892 833 2935 vett.
855 2885 922 2936 edd..
934 2912 967 2925 -
985 2882 1061 2947 vulg.
1083 2901 1131 2936 seu
1150 2886 1250 2936 loetum
1268 2892 1308 2937 est

153 2954 213 3003 565.
235 2955 328 3020 Cipus.
353 2953 411 3003 Vol.
426 2953 496 3003 Max.
511 2953 542 3004 V.
558 2970 581 3003 o.
599 2954 624 3003 6.
640 2953 690 3004 Ge·
733 2955 843 3022 aliquid,
853 2954 960 3021 patriae
967 2970 1051 3021 pop.;
1065 2955 1109 3004 sed
1123 2954 1190 3020 prior
1202 2954 1309 3019 seriptu-

115 3025 193 3074 ttucio
208 3023 270 3088 Cipo
285 3023 421 3090 praetori,
440 3022 570 3088 paludato
585 3032 691 3089 portam
735 3040 763 3075 ro
778 3028 849 3086 longe
863 3024 983 3087 majorem
1001 3024 1175 3073 auctoritatem
1195 3030 1308 3073 vetusta·

116 3094 270 3159 egredienti,
284 3093 346 3143 noui
356 3100 383 3144 et
394 3090 508 3143 inauditi
514 3093 618 3158 generis
628 3109 690 3158 pro·
733 3094 766 3143 tis
780 3093 870 3156 babet,
884 3100 909 3142 et
922 3099 960 3141 est
973 3107 1004 3140 ex
1017 3090 1125 3141 Nasonis
1138 3107 1184 3141 usn
1198 3091 1306 3140 dicendi.

115 3162 218 3229 digium
231 3163 329 3213 inridit.
359 3161 480 3229 Namque
492 3161 519 3211 in
532 3161 619 3227 sopite
631 3161 691 3224 ejus
732 3163 770 3213 Ile
788 3162 887 3228 populo
901 3160 1008 3228 Quirini
1024 3160 1075 3209 vid.
1096 3158 1172 3224 XlV,
1192 3159 1252 3210 607.
1274 3186 1307 3198 ·-

115 3233 203 3284 subito
221 3232 306 3284 ueluti
330 3247 432 3282 cornua
450 3237 619 3296 crepuerunt,
650 3248 691 3280 re·
735 3231 901 3282 5761πί11111
920 3228 1051 3294 opponitur
1069 3228 1306 3280 itinerantem

114 3317 292 3369 sponsumque
305 3308 359 3364 est,
379 3317 467 3367 regem
479 3316 537 3350 eum
549 3303 613 3359 tore,
628 3299 653 3350 si
663 3301 691 3351 in
734 3301 764 3351 de
779 3300 871 3364 cespite
885 3299 930 3347 sub
942 3299 999 3347 divo
1008 3297 1123 3347 insubita
1136 3304 1161 3347 et
1173 3297 1307 3364 improvisa

114 3372 203 3423 urbem
216 3371 374 3422 revertisset.
411 3369 489 3438 Quod
505 3369 688 3431 aescenderet,
732 3369 852 3435 imprimis
872 3367 970 3417 laetitia
994 3382 1069 3432 saepe
1096 3366 1200 3417 fiebant.
1226 3366 1305 3417 Trist.

115 3441 294 3492 noluntorium
306 3440 359 3490 sibi
374 3457 407 3490 oo
423 3446 578 3506 perpetuum
593 3437 691 3491 indixit
732 3438 816 3501 V‚5‚
837 3438 863 3488 ll.
894 3435 956 3487 Met.
977 3434 1027 3500 lV,
1048 3435 1107 3490 752.
1136 3436 1196 3486 lior.
1217 3436 1305 3498 (11.1,

116 3511 244 3561 exsilium.
272 3507 384 3559 Plinii.
405 3508 437 3558 N.
456 3506 691 3574 1111119111
734 3505 1000 3570 11,13.111,8,4.
1033 3504 1104 3568 Virg.
1117 3505 1149 3556 A.
1163 3504 1304 3568 Χ11,119.

111 3579 179 3643 jure
197 3597 296 3631 cornua
315 3577 517 3646 intelliguntur,
538 3577 690 3644 quadrupe·
767 3577 828 3628 574.
843 3577 956 3644 placore
968 3591 1032 3626 aros
1045 3575 1062 3624 i.
1086 3591 1110 3624 e.
1124 3576 1225 3641 placore
1245 3576 1305 3624 deos

116 3648 178 3700 dum
189 3650 283 3716 generi
299 3656 414 3700 tontum.
444 3649 603 3698 Actaeonem
622 3649 690 3699 enim
731 3646 912 3698 soerisiuaris
927 3645 1010 3694 luetis.
1042 3643 1114 3707 Virg.
1128 3643 1228 3703 Nil,
1244 3641 1303 3692 tot.

115 3719 338 3786 ecpomeuam
356 3716 497 3768 inbutino
515 3715 690 3781 111111νί1111-
727 3716 872 3788 plorabilis
892 3730 953 3764 orn.
992 3712 1086 3762 Eodem
1105 3712 1177 3760 modo
1197 3727 1306 3761 exorare

115 3787 220 3838 bulosos
239 3805 306 3839 reor.
338 3787 406 3837 vett.
428 3786 522 3837 Heinsii
549 3801 638 3849 magua
658 3803 690 3838 ex
733 3804 797 3839 oros
822 3781 1038 3843 Mer.vtt,stt.

76 3884 83 3897 .
114 3864 185 3923 parte
200 3858 287 3925 Cppus
299 3873 324 3907 ν.
341 3857 432 3923 Cipus.
452 3854 522 3921 Lips.
535 3857 562 3907 2.
577 3863 601 3906 et
614 3857 687 3907 oodd.
768 3856 827 3905 575.
848 3855 895 3903 dot
904 3850 1015 3917 poteris.
1030 3847 1081 3910 lX,
1104 3846 1164 3898 166.

114 3926 182 3976 etot.
198 3927 286 3992 ubique
308 3927 415 3992 Cippm.
450 3924 524 3976 Goth.
551 3925 592 3988 l.,
613 3925 686 3976 Vrat.
807 3923 926 3988 Vinopne
943 3933 1104 3968 marmoreos
1119 3925 1218 3985 patero
1235 3921 1306 3985 sun·

113 4002 140 4045 et
152 3996 191 4045 ed.
207 4013 244 4062 pr.
259 4005 283 4046 et
295 3995 359 4046 Ven.
370 3997 395 4048 2.
411 3995 500 4058 ubique
508 3994 597 4060 Cipus.
612 3992 688 4056 Vulg.
918 4032 922 4039 ,
939 3988 1018 4038 debat
1029 3987 1057 4037 in
1075 4005 1151 4039 orus.

113 4065 224 4132 cippus.
240 4064 336 4128 Singuli
346 4080 409 4115 nuno
421 4064 519 4130 Cppus,
529 4063 687 4128 nuuoCipns.
732 4059 792 4111 lior.
809 4059 856 4108 Od.
873 4057 898 4114 1,
914 4057 957 4107 ii.

149 4135 210 4185 566.
230 4137 297 4187 vidit
309 4164 326 4172 -
339 4135 404 4186 uidit
415 4133 491 4182 enim.
530 4130 587 4181 vu.
608 4132 639 4181 od
654 4130 686 4194 11,
803 4127 874 4192 Quid
885 4126 1034 4177 dedicatum
1044 4127 1131 4193 poscit
1142 4127 1287 4193 Apollinem

111 4200 689 4269 400.-1111111]ι·11111111,1111[111111111-
807 4195 984 4263 7111117911111
1001 4204 1078 4261 orat,
1099 4197 1131 4247 de
1149 4204 1246 4263 potero
1257 4210 1304 4244 no·

111 4288 199 4324 111-
233 4274 260 4324 S.
275 4274 342 4324 Goil.
364 4279 389 4322 et
404 4271 437 4322 ill
451 4271 537 4321 Heius.
547 4271 686 4338 salsoque.
939 4282 999 4317 oum

147 4343 208 4395 568.
228 4360 276 4394 nee
283 4343 343 4406 jom
360 4359 411 4393 sun
428 4340 530 4392 lumino
543 4339 685 4404 damnans,
836 4333 959 4387 lundens
971 4335 1105 4403 liquorem.

109 4411 255 4478 vituperans
267 4429 306 4463 11,·
320 4420 436 4479 tunquam
450 4409 562 4460 fallacia.
766 4402 826 4454 576.
847 4405 1019 4470 trepidantia.
1041 4404 1098 4453 Vid.
1113 4415 1189 4466 supra
1201 4416 1227 4450 v.
1243 4401 1303 4452 136.

144 4482 206 4535 ste.
227 4483 356 4537 1111616111.
389 4480 491 4544 lierni,
519 4494 583 4530 unus
607 4477 684 4542 bom,
765 4471 825 4524 577.
846 4474 978 4541 adspersit.
994 4471 1111 4523 Heinsius
1124 4471 1305 4521 temereedidit

1017 4536 1101 4602 bb*
