2864 4890
536 157 642 212 0Vlllll
662 152 960 209 narsuonrnosns

246 315 383 381 Pectora
405 327 543 394 nostra,
558 312 637 392 deo,
660 310 715 374 sed
736 308 822 374 victa
842 307 979 372 libidine
1000 309 1126 373 credar.
1294 319 1352 373 625

247 399 399 483 Denique
415 396 488 499 jam
508 420 632 496 nequeo
653 395 701 460 nil
723 393 920 459 commisisse
939 393 1136 459 nefandams

247 483 290 549 Et
310 483 424 569 scrips1
444 497 474 546 et
497 482 573 568 petii
584 527 595 563 ,
618 496 772 547 temerata
793 493 840 542 est
860 492 970 542 nostra
992 479 1159 544 voluntas.

248 567 295 634 Ut
316 568 399 632 nihil
423 565 590 655 adjiciam,
611 590 678 630 non
703 586 835 652 possum
855 561 992 628 innoxia
1016 562 1093 628 dici.

249 652 346 736 Quod
368 666 523 739 superest,
546 652 685 715 multum
703 664 750 714 est
767 647 803 712 in
816 663 905 728 vota,
928 647 1116 712 incrimine
1135 672 1289 737 parvum.

249 736 365 818 Dixit,
389 751 419 802 et
440 772 457 786 ·
478 737 619 800 incertae
639 751 726 800 tanta
749 748 795 798 est
818 732 978 797 discordia
998 734 1140 798 mentis·
1295 744 1355 798 630

251 820 335 886 (lum
357 822 463 909 pigeat
487 836 641 902 tentasse,
664 819 742 884 libet
763 833 904 897 tentare,
927 818 1124 904 modumque

250 904 350 988 Exit,
373 921 404 971 et
424 905 545 969 infelix
566 903 736 969 committit
757 925 852 989 saepe
870 901 995 988 repelli.

229 1071 231 1075 y
252 990 335 1055 Mox
355 989 413 1055 ubi
432 991 506 1054 linis
528 991 633 1069 abest,
655 987 794 1075 patriam
815 987 901 1071 fugit
921 987 977 1050 ille
998 987 1164 1072 nefasque,

255 1073 359 1160 laque
380 1074 551 1162 peregrini
573 1074 665 1160 ponit
684 1096 769 1138 nova
791 1071 917 1135 maenia
940 1086 1040 1137 tarra.

255 1160 346 1226 Tum
367 1183 448 1224 vero
468 1173 622 1222 maestam
647 1173 712 1223 tota
733 1155 877 1222 Miletida
899 1156 1007 1220 mente

254 1243 423 1309 Defecisse
448 1244 576 1323 ferunt,
598 1258 667 1308 tum
688 1265 808 1309 veroa
830 1258 959 1328 pectore
980 1256 1104 1305 vestem

255 1327 420 1414 Diripuit,
447 1327 636 1413 planxitque
656 1350 731 1392 suos
752 1326 928 1391 furibunda
950 1327 1113 1411 lacertos.⁴

254 1412 391 1497 Jamque
410 1413 517 1499 palam
538 1428 585 1477 est
606 1412 756 1493 demens,
780 1411 1062 1495 inconcessamque
1082 1410 1204 1475 fatetur

256 1495 355 1584 Spem
377 1496 527 1561 veneris:
552 1497 621 1561 sine
643 1521 705 1582 qua
727 1496 864 1584 patriam
884 1495 1071 1581 invisosque
1091 1511 1223 1584 penates

256 1581 405 1661 Deserit,
429 1596 460 1645 et
481 1581 612 1668 profugi
633 1581 778 1666 sequitur
797 1579 934 1666 vestigia
956 1579 1079 1645 fratris.
1297 1585 1359 1642 640

256 1665 365 1751 thue
385 1681 442 1730 tao
463 1682 587 1747 motae,
608 1667 717 1753 proles
738 1661 916 1746 Semeleia,
936 1666 1051 1754 thyrso

257 1749 412 1816 lsmariae
434 1753 597 1816 celebrant
618 1751 750 1838 repetita
772 1750 911 1815 triennia
934 1746 1100 1816 Bacchae:

256 1835 398 1924 Byblida
421 1860 496 1900 non·
509 1836 602 1900 aliter
623 1838 704 1901 latos
725 1837 867 1899 ululasse
889 1859 946 1921 per
970 1858 1064 1915 agros

256 1919 433 1984 Bubasides
454 1920 566 1985 videre
585 1944 707 2002 nurus,
728 1919 844 2005 quibus
864 1920 920 1984 illa
945 1919 1066 1984 relictis

258 2004 358 2070 Caras
380 2021 412 2068 et
431 2005 602 2069 armiferos
623 2004 760 2091 Lelegas
782 2003 983 2094 Lyciamque
1002 2017 1159 2106 pererrat.
1301 2007 1361 2066 64⁵

258 2088 332 2156 Jam
355 2087 486 2168 Cragon
510 2105 540 2155 et
561 2089 722 2180 Limyren
742 2089 932 2175 Xanthique
953 2090 1128 2175 reliquerat
1149 2082 1284 2170 undas,'

259 2170 410 2260 Quoque
422 2173 593 2243 Chimaera
614 2173 693 2266 jugo
714 2175 829 2241 mediis
850 2174 1049 2263 inpartibus
1069 2173 1194 2260 ignem,

174 2351 234 2402 114.
264 2347 350 2401 caluit
361 2363 419 2399 mea
431 2346 525 2399 deutra
536 2349 668 2417 valetque.
696 2347 746 2398 Sed
789 2349 863 2398 etiam
877 2348 1085 2399 conflnnatun-
1095 2348 1214 2415 plaaait,
1230 2348 1362 2414 percussit.

174 2421 206 2469 ad
224 2434 325 2468 sensum
338 2417 465 2482 aptissima
478 2424 517 2466 est
529 2419 647 2480 vulgata,
674 2433 746 2482 quam
788 2417 846 2468 Vid.
861 2419 891 2468 ud
905 2418 937 2478 ll,
953 2418 1012 2468 584.
1032 2418 1075 2480 Vl,
1090 2419 1152 2471 248.
1173 2417 1217 2479 Ν,
1232 2418 1292 2469 aaa.

173 2495 273 2537 veteres
292 2487 349 2536 edd.
370 2493 396 2535 et
412 2488 476 2536 haud
489 2487 563 2538 dubie
575 2488 674 2553 plurimi
687 2504 748 2554 quo·
826 2487 886 2538 639.
906 2488 961 2538 siae
978 2504 1032 2554 qua
1052 2496 1103 2538 eto.
1125 2489 1242 2549 „etsine
1254 2505 1285 2538 ea
1297 2487 1364 2538 inni-

174 2573 221 2622 que
234 2557 306 2606 codd.
321 2563 431 2605 tueatur.
788 2575 847 2608 sam
865 2558 917 2608 sibi
928 2558 1047 2624 patriam
1066 2575 1099 2607 aa
1117 2558 1237 2623 (invisos)
1254 2566 1365 2626 praeter

208 2626 268 2677 625.
288 2626 376 2676 boe-
390 2626 447 2684 deo,
461 2626 561 2676 Amore.
577 2627 597 2688 l,
613 2628 664 2680 452
676 2641 745 2690 seqq.
792 2628 919 2678 deserit.“
940 2628 1032 2677 Omnes
1046 2627 1123 2690 etot,
1137 2629 1251 2692 plerique
1265 2629 1363 2690 Heius,

209 2695 270 2749 626.
290 2694 747 2760 110111.111,297.··8ρ11.ηε[αηάί.
792 2697 849 2746 Par.
866 2697 890 2746 1.
904 2696 947 2757 2.,
975 2703 1000 2746 et
1019 2697 1204 2747 omneslabni:
1232 2699 1364 2764 sineque.

210 2765 270 2816 627.
290 2767 380 2816 Dresd.
400 2772 426 2813 et
446 2763 479 2813 Ν
492 2764 577 2814 Heius.
609 2772 749 2816 temerata-
793 2767 814 2816 ll
835 2766 914 2816 Codd.
934 2767 1030 2815 Brrsta.
1051 2767 1107 2816 sine
1125 2783 1186 2833 quo.
1220 2767 1242 2818 ll
1256 2767 1362 2818 Medica.

176 2844 340 2903 qaenostra.
379 2832 463 2882 Rerol.
478 2839 504 2881 et
516 2832 550 2881 Ν
564 2833 650 2884 Heius.
670 2841 748 2885 teme·
788 2853 837 2903 pro
863 2852 926 2903 qao.
970 2834 1045 2898 vulg.
1070 2837 1095 2888 si
1112 2837 1224 2903 quaem.
1268 2837 1365 2888 Deinde

177 2907 252 2956 raria
269 2914 420 2956 11051111.-
440 2901 503 2950 cod.
517 2901 631 2964 berem,
651 2903 746 2965 Berol.‚
789 2906 880 2956 Dresd.
895 2905 1060 2972 miserosque.

175 2977 276 3036 Dresd.,
292 2974 367 3024 Goth.
378 2971 414 3030 l.,
429 2968 486 3018 Par.
498 2969 568 3031 1.2.,
578 2969 668 3037 lilaea,
677 2972 746 3036 Lips.
827 2974 887 3024 641.
904 2975 992 3042 proles
1005 2976 1148 3034 Semeleia,
1172 2975 1287 3026 Bacchus
1301 2976 1365 3027 illiue
1380 3012 1382 3017 -

176 3044 200 3093 1.
221 3052 246 3094 et
259 3041 356 3109 plurimi
370 3038 456 3087 Heius.
478 3040 611 3106 voluptas.
627 3071 656 3081 —
669 3050 748 3094 leme-
792 3044 912 3094 Semeles.
933 3044 977 3107 lll,
993 3044 1052 3096 526.
1066 3043 1099 3110 V,
1113 3045 1173 3095 329.
1189 3072 1228 3082 -
1250 3045 1366 3095 Celerum

174 3122 246 3175 rata,
261 3112 355 3178 polluta
367 3123 396 3157 ae
409 3115 517 3174 turpata.
792 3114 916 3163 furibundi
930 3128 1004 3178 saepe
1016 3114 1367 3182 combacchantibuscompa-

210 3181 269 3233 629.
290 3181 318 3229 in
330 3186 402 3230 cota.
424 3177 497 3228 Conf.
515 3177 557 3242 Ν,
574 3179 633 3229 149.
791 3190 894 3245 rantur,
918 3183 1365 3253 neeirnagoilla,Baccba1ntbyrso

211 3251 270 3300 636.
290 3250 420 3308 incertae,
458 3248 564 3311 dubiae,
596 3249 746 3299 fluctuantis.
792 3269 836 3302 suo
851 3253 959 3301 furorem
974 3252 1363 3320 immittere,sineexemploest.

176 3320 250 3370 Coul.
265 3333 290 3366 v.
307 3318 350 3368 43.
364 3316 595 3368 Dereoonl.etiam
602 3318 636 3384 X,
646 3320 706 3368 445.
717 3345 749 3355 -
793 3321 835 3382 Ν,
851 3322 896 3373 521
914 3337 984 3386 seqq.

175 3388 209 3440 Ν
224 3387 310 3437 licias.
330 3387 454 3437 incestae.
828 3391 887 3443 642.
910 3391 1083 3442 Ismariae
1094 3390 1229 3458 Bacchae,
1243 3393 1363 3444 Thraces.

211 3456 272 3507 631.
291 3473 387 3523 mam,
401 3456 469 3505 lieet.
780 3461 825 3525 ll,
839 3460 899 3512 257.
920 3461 982 3511 Nam
996 3463 1021 3509 in
1035 3461 1158 3511 Thraciae
1171 3469 1256 3512 monte
1274 3463 1364 3514 ismaro

174 3590 177 3594 ,
210 3526 270 3578 632.
291 3525 429 3576 committit
440 3525 544 3590 repelli,
560 3522 622 3572 saell
633 3538 682 3572 11011
695 3523 748 3572 sine
793 3531 883 3580 Bacchi
898 3531 944 3580 iste
959 3531 1040 3580 cultus
1053 3531 1172 3595 imprimis
1185 3533 1302 3582 florebat.
1322 3532 1363 3595 Vl,

174 3598 258 3664 eulpa,
272 3603 299 3646 ul
311 3595 456 3660 repellatur·
793 3599 863 3663 587,
881 3600 923 3649 ubi
942 3601 1016 3648 etiarn
1035 3601 1064 3649 de
1085 3601 1134 3649 illis
1147 3601 1263 3651 trienniis
1276 3603 1365 3652 mecho

211 3667 271 3718 633.
284 3663 648 3730 fiaietentaminutnasorore.
662 3689 686 3696 -
695 3677 749 3727 pa·
791 3670 906 3719 babetur.
938 3669 1022 3718 Berol.
1037 3676 1062 3718 et
1076 3669 1096 3719 ll
1112 3669 1199 3719 Heius.
1214 3672 1363 3734 trieterica,

175 3739 262 3801 triam,
275 3736 398 3787 Miletum.
421 3733 478 3784 Vid.
492 3731 542 3781 448
554 3746 624 3795 seqq.
791 3739 812 3788 V
816 3739 842 3798 l,
865 3739 924 3787 587.
946 3763 979 3774 -
1015 3740 1128 3806 repetita
1145 3740 1279 3805 dicuutur,
1306 3756 1365 3806 qaae

211 3808 270 3858 634.
291 3823 361 3857 nova
373 3804 485 3863 moenia,
500 3801 611 3851 (1111111111
624 3800 709 3849 urbem
724 3800 748 3848 111
792 3808 864 3857 statis
877 3808 1029 3871 temporibus
1042 3808 1213 3859 celebrantur.

175 3876 243 3926 valle
257 3875 358 3924 Cariae.
377 3873 435 3924 Vid.
450 3889 475 3921 V.
492 3871 551 3920 664.
566 3869 693 3920 Malcho.
705 3869 746 3919 16
828 3878 888 3926 644
908 3878 1064 3930 Bubasides,
1079 3879 1206 3929 Bubasug
1214 3880 1328 3945 oppidum
1336 3894 1364 3928 ιο

211 3944 271 3994 635.
293 3943 428 4004 Miletida,
443 3942 558 4010 Byblida,
571 3938 652 3989 Mileti
661 3939 747 3988 11111111·
792 3947 860 4007 regio
875 3947 974 3996 Cariae.
997 3949 1088 3998 Herod.
1104 3948 1124 3998 l.
1138 3964 1162 3997 c.
1179 3949 1240 3999 174.
1255 3948 1320 3998 Plin.
1335 3948 1364 3998 11.

176 4012 208 4062 V.
223 4011 274 4061 446
287 4026 356 4075 seqq.
792 4015 824 4066 N.
840 4014 870 4064 V.
885 4032 908 4064 e.
923 4017 966 4068 28.

213 4081 273 4131 636.
292 4088 351 4131 tota
370 4079 494 4141 defecisse
511 4085 604 4128 mente.
626 4077 700 4128 Coul.
713 4076 748 4139 X,
830 4085 889 4134 645.
909 4086 1018 4152 Leleges
1030 4102 1091 4149 gens
1103 4087 1179 4137 Asiae
1192 4086 1307 4145 minoris,
1322 4085 1368 4135 Cr·

180 4151 238 4200 194.
254 4157 279 4199 el
291 4149 323 4207 V,
338 4149 381 4198 96.
794 4155 847 4204 riae
856 4156 946 4204 ticina.
963 4155 1115 4206 Herod.l.o.
1127 4155 1186 4206 171.
1203 4154 1365 4206 8111111.Χ111.

214 4219 274 4270 637.
294 4218 412 4286 diripuit.
437 4213 528 4279 Scripti
547 4213 645 4276 quidam
662 4213 749 4264 Heius.
795 4250 827 4261 -
848 4224 886 4273 De
898 4225 981 4292 Lycia
994 4226 1044 4275 vid.
1059 4225 1103 4287 Vl,
1119 4225 1180 4276 317.

180 4287 298 4338 etllben.
319 4286 441 4354 deripuit.
468 4282 749 4333 Bersnetvlfleins.
831 4292 890 4343 646.
913 4295 1016 4361 Cragon
1035 4310 1106 4345 mons
1124 4295 1229 4362 Lyciae.
1254 4294 1320 4344 Pliu.
1335 4291 1364 4343 V.

179 4358 288 4424 dirupit.
310 4351 750 4431 (30111.101811116111011111·611·
795 4379 819 4411 e.
833 4363 877 4416 27.
896 4351 1126 4432 Limpraoppidum
1134 4372 1160 4414 et
1167 4365 1257 4414 fluvius
1264 4364 1368 4431 Lyciae.

180 4430 295 4496 damari,
309 4428 373 4493 quod
386 4424 558 4473 vehomessllfle
572 4420 752 4486 dolortsaptius
796 4460 829 4470 -
851 4432 992 4496 Xanthus,
1007 4437 1096 4486 fluvius
1109 4434 1226 4484 Troadis.
1243 4433 1274 4496 ll,
1289 4433 1351 4486 245.

178 4505 235 4563 032,
254 4507 282 4550 ,t
297 4490 473 4560 corruptible
484 4489 622 4554 scriptura:
643 4490 752 4561 dirupit,
832 4500 892 4553 647.
911 4519 1013 4572 qaoque
1033 4531 1064 4548 -
1077 4506 1162 4574 jugo.
1195 4511 1251 4569 „et
1269 4504 1369 4572 jugan
