2864 4890
624 172 726 228 amau
742 172 815 229 xlv·

205 323 249 392 Et
267 325 364 392 modo
385 325 426 392 de
448 325 558 391 multis
581 326 745 393 blanditus
767 324 882 411 cuique
902 325 1058 393 ministris

204 409 353 476 Sollicita
374 410 465 498 petiit
486 434 683 512 propensum
701 434 783 477 voce
804 411 966 476 favorem.

205 493 311 581 Saepe
331 496 464 559 ferenda
487 497 572 559 dedat
594 495 720 560 blandis
740 518 799 561 sua
818 497 920 560 verba
943 495 1082 578 tabellis,

204 577 372 644 luterdum
392 580 536 644 madidas
557 580 766 644 lacrimarum
786 602 862 643 rore
881 602 1017 644 coronas

202 662 354 728 Postibus
375 664 530 744 intendit,
553 664 722 751 posuitque
742 663 778 728 in
797 663 909 728 limine
930 664 1012 728 duro

203 747 304 811 Molle
325 749 427 830 latus,
449 748 611 832 tristisque
630 771 721 813 serae
743 748 889 814 convicia
910 749 999 812 fecit.
1244 757 1305 808 710

204 828 344 896 Surdior
363 832 419 896 illa
442 832 525 898 freta
547 848 719 917 surgente,
742 832 928 898 cadentibus
947 830 1083 913 Haedis,

204 913 333 980 Durior
351 926 382 982 et
404 918 511 998 ferro,
532 918 617 1002 quad
638 916 779 982 Noricus
801 915 953 1001 excoquit
973 915 1071 1000 ignis,

204 997 247 1063 Et
267 1024 367 1082 saxo,
389 1003 474 1086 quod
496 1003 602 1065 adhuc
628 1001 745 1068 vivum
767 1001 875 1066 radice
896 1015 1036 1081 tenetur,

204 1081 228 1147 S
254 1085 338 1148 eruit
358 1101 390 1150 et
409 1084 544 1166 irridet,
566 1087 722 1171 factisque
741 1085 919 1151 immitibus
941 1082 1030 1149 addit

203 1108 313 1232 Vbi-ba
335 1170 473 1255 superba
494 1170 603 1249 ferax,
625 1186 656 1236 et
673 1194 731 1259 spe
752 1193 878 1255 quoque
899 1170 1031 1233 fraudat
1045 1180 1218 1232 amantem.
1244 1171 1303 1227 716

203 1250 281 1316 Non
301 1254 375 1317 tulit
393 1253 563 1341 impatiens
586 1255 676 1341 longi
696 1270 856 1319 tormenta
874 1252 995 1319 doloris

202 1333 308 1422 lphis,
332 1353 363 1400 et
385 1354 459 1402 ante
479 1339 567 1403 fores
589 1340 668 1403 haec
688 1341 788 1411 verba
810 1337 985 1402 novissima
1008 1332 1113 1399 dixitt

203 1419 394 1502 „„Vincis,
416 1422 623 1502 Anaxarete,
646 1446 751 1508 neque
769 1436 865 1487 erunt
885 1421 945 1486 tibi
965 1419 1070 1485 taedia
1090 1416 1221 1484 tandem

202 1500 278 1567 Ulla
302 1504 437 1570 ferenda
459 1507 534 1571 mei.
577 1506 696 1572 Laetos
717 1507 834 1572 molire
853 1505 1049 1592 triumphos,

200 1584 244 1652 Et
263 1587 394 1654 Paeana
415 1613 518 1674 voca,
540 1590 705 1677 nitidaque
725 1591 892 1677 incingere
911 1589 1022 1656 lauro!
1244 1595 1306 1647 720

119 1790 253 1842 avitiano
265 1791 369 1857 primum
382 1791 450 1842 edita
462 1808 526 1844 nunc
536 1793 691 1859 provulgata
732 1794 799 1858 ral.,
820 1793 886 1844 alter
897 1790 972 1855 art,
994 1788 1073 1842 Gran.
1087 1787 1113 1840 1.
1128 1794 1154 1838 et
1175 1785 1210 1839 1v
1217 1787 1305 1838 lleias.

118 1868 194 1910 estat
212 1876 300 1910 sensus
318 1861 429 1911 bonitate
446 1864 690 1915 commendatae·
731 1862 831 1933 Reliqui
855 1877 940 1913 omues
966 1859 1076 1912 saeuior.
1131 1858 1181 1908 Sed
1203 1857 1308 1908 surdior

116 1931 166 1980 Alii
185 1930 259 1979 codd.
277 1931 341 1995 apud
359 1928 434 1991 Viv.,
454 1931 545 1982 Franc.
566 1939 591 1981 et
609 1931 690 1998 Neap.
733 1940 802 1982 certe
822 1931 961 1994 elegantius
974 1935 1028 1979 est:
1053 1934 1082 1978 ut
1100 1928 1206 1977 alterum
1225 1927 1306 1977 simile

116 1999 150 2049 de
171 1999 262 2050 multt's
285 1999 370 2049 alicui
390 2000 524 2050 suadenda
550 2001 691 2061 ministrate
732 2002 879 2052 surditatem
891 2013 954 2063 quae
967 2013 1015 2047 nan
1028 1996 1128 2058 audiat,
1142 1996 1249 2046 alterum
1262 1996 1307 2044 du·

118 2068 237 2118 Galaadr.
258 2074 284 2116 et
301 2066 323 2117 V
343 2067 430 2119 lleias.
452 2069 484 2119 de
500 2085 535 2119 ut.
555 2069 691 2120 suadendo
736 2069 953 2119 ritiamdealaret.
973 2063 1137 2129 Conttsstl,
1155 2063 1216 2114 864.
1244 2064 1309 2146 Her..

117 2153 213 2265 13¹⁴
223 2136 514 2270 esstffitt·
525 2136 586 2255 iu.
597 2137 691 2267 2661
732 2132 1307 2266 16111171911126611761

121 2273 162 2334 1.,
182 2273 254 2323 Vret.
275 2279 301 2323 et
312 2273 359 2337 Vll
380 2272 466 2324 lleias.
485 2275 517 2325 de
535 2274 625 2325 multis
643 2275 693 2325 ali·
736 2282 762 2325 et
775 2289 865 2325 occasu
877 2273 1040 2338 gravissimae
1051 2277 1212 2336 tempestates
1224 2278 1305 2323 erant.

119 2344 165 2393 cui
176 2342 296 2393 blandita
312 2342 453 2393 ministris.
468 2370 497 2378 —
526 2343 621 2406 Berol.,
636 2343 690 2393 Pal.
735 2343 794 2394 Vid.
811 2343 909 2394 Colum.
923 2340 970 2393 Xl.
984 2356 1008 2391 c.
1024 2340 1049 2392 1.
1063 2347 1088 2390 et
1101 2340 1174 2390 Serv.
1188 2341 1220 2389 ad
1232 2340 1306 2403 Virg.

119 2413 146 2467 2.
167 2419 193 2461 et
212 2411 299 2475 reliqui
318 2427 372 2461 cam
392 2413 450 2462 edd.
464 2409 545 2462 Vena.
559 2413 591 2462 de
602 2414 693 2465 multis
735 2413 785 2475 lX,
807 2412 866 2462 668.
881 2419 907 2462 et
919 2411 1025 2476 interpp.
1046 2411 1076 2460 ad
1089 2409 1161 2472 Virg.
1176 2408 1269 2472 Georg.
1284 2410 1304 2472 l,

117 2482 201 2532 alicui
217 2481 353 2533 blanditus
365 2481 465 2533 amicis.
490 2480 694 2532 Posteriorscri·
733 2483 795 2537 265.
815 2480 923 2531 Theocr.
938 2479 975 2530 ld.
990 2478 1049 2541 Vll,
1069 2479 1113 2530 53.
1150 2477 1187 2528 lle
1206 2480 1249 2530 illo
1262 2497 1306 2530 ca-

117 2558 205 2616 ptura,
232 2551 351 2615 imprimis
367 2551 429 2600 illud
449 2551 540 2602 amicis
558 2550 693 2601 manifesta
733 2547 1001 2610 dentibusconl.Xl,
1020 2547 1081 2601 594.
1119 2545 1169 2596 Sed
1186 2550 1307 2614 proscri-

118 2620 275 2684 interpolutio
289 2626 336 2671 est.
353 2647 383 2658 -
409 2619 495 2669 Tertia
508 2627 624 2686 corrupta
640 2626 689 2681 est,
731 2628 805 2688 ptura
819 2620 905 2670 Haedi
915 2614 972 2671 cod.
986 2619 1093 2680 lteram„
1107 2617 1219 2684 plerique
1231 2620 1305 2668 codd.

117 2689 304 2752 sententiaeque
334 2694 465 2754 repugnat.
515 2688 601 2754 Neque
628 2689 690 2739 illud
733 2685 1306 2752 13111.,111111111111.,111111.,61111,

117 2758 564 2824 suadendoadsensumaptumast.
591 2756 689 2823 Restat,
732 2759 788 2810 Pal.
806 2759 851 2821 2.,
877 2757 947 2823 Lips.
966 2757 1011 2820 2.,
1041 2754 1132 2819 Vrat.,
1157 2754 1253 2805 Zwicc.
1281 2762 1306 2806 et

117 2842 189 2892 quarn
202 2828 349 2890 recepimus.
482 2850 484 2855 ·
731 2834 795 2879 vett.
810 2828 867 2877 edd.
876 2825 987 2878 oustrb.
1007 2823 1066 2876 Par.
1079 2826 1106 2881 2.
1121 2830 1147 2875 at
1155 2824 1205 2878 XV
1217 2826 1304 2877 lleias.

153 2895 213 2946 767.
235 2895 351 2946 tabellis.
387 2894 446 2946 via.
468 2892 521 2959 lx,
546 2894 608 2951 523.
628 2893 690 2946 571.
725 2897 813 2950 eureis.
850 2896 965 2946 Frustra.

116 2965 177 3014 575.
193 2964 252 3013 587.
769 2965 831 3018 712.
850 2965 981 3017 Noricum
992 2964 1096 3026 senuna
1113 2961 1208 3014 Plinius
1220 2963 1252 3014 N.
1273 2966 1305 3015 ll.

153 3032 213 3082 768.
232 3045 341 3082 coronas
349 3029 472 3095 pastibus
484 3030 604 3084 intendit.
617 3031 690 3094 virg.
733 3033 857 3087 XXXlV.
871 3050 895 3084 c.
914 3033 957 3084 14.
977 3028 1216 3097 praestantissimum
1235 3034 1305 3096 dicit,

117 3101 150 3152 Α.
166 3101 216 3162 lV,
237 3099 297 3150 566.
323 3098 484 3165 intenditque
502 3100 587 3150 lautas
605 3101 690 3152 sertia.
733 3103 800 3154 unde
815 3101 929 3154 Noricus
941 3101 1010 3152 ensis
1022 3100 1083 3149 Har.
1099 3099 1148 3150 0d.
1162 3100 1189 3164 l,
1210 3100 1260 3164 16,
1279 3103 1305 3153 9.

116 3172 180 3221 Acri.
196 3170 216 3218 ll
225 3206 233 3234 ,
252 3168 314 3222 236.
332 3168 442 3218 vinculo
459 3169 524 3218 calla
541 3169 691 3223 intendunt.
735 3171 863 3224 Noricum
875 3177 958 3219 autem
971 3183 1028 3234 pars
1041 3166 1146 3234 lllyrici.
1303 3196 1306 3201 ·

116 3237 185 3288 Uetus
199 3237 291 3288 Medic.
306 3236 426 3290 inseruit.
462 3237 502 3287 Ad
520 3252 573 3289 retu
592 3237 650 3289 Tib.
670 3236 691 3302 l,
771 3239 833 3293 713.
858 3239 945 3291 sirum
968 3236 1068 3292 radice.
1104 3233 1174 3286 Unus
1197 3235 1305 3299 bonon,

115 3309 148 3371 2,
170 3308 212 3357 13.
736 3309 851 3370 Bersm.,
872 3308 931 3357 Bas.
948 3305 989 3369 1.,
1010 3304 1085 3356 Goth.
1100 3303 1183 3366 1.2.‚
1204 3305 1305 3368 Hanrb„

189 3376 228 3427 Te
239 3373 385 3426 meminisse
397 3374 478 3435 decet,
492 3390 559 3442 pace
571 3373 691 3441 plurilus
734 3377 784 3428 ox.
803 3383 829 3426 et
850 3376 989 3442 complures
1014 3373 1100 3425 lleias.
1125 3375 1189 3425 aisa
1205 3376 1305 3425 iudice.

324 3443 489 3510 roceperegi
731 3445 805 3498 Vrat.
819 3445 952 3496 etZwiac.
971 3444 1038 3495 uiso.
1074 3441 1143 3494 Unus
1157 3443 1243 3494 lleias.
1255 3444 1307 3507 fir-

207 3511 338 3580 Supplice,
351 3529 431 3580 quum
438 3511 605 3581 pastiflorea
616 3516 691 3565 terta
732 3533 776 3567 mu
787 3533 811 3566 r.
829 3514 904 3566 Voss.
918 3514 999 3565 nbniu
1010 3531 1033 3564 r.
1053 3509 1122 3563 Unus
1136 3512 1222 3563 lleias.
1234 3514 1307 3566 dura

324 3583 424 3632 darem.
735 3601 761 3636 r.
781 3584 879 3650 Reliqui
892 3599 947 3634 aum
960 3589 1022 3634 vett.
1036 3583 1093 3632 edd.
1107 3583 1195 3633 abunt
1206 3585 1304 3634 radice.

151 3649 211 3701 769,
231 3650 297 3701 duro
310 3657 335 3700 ct
347 3651 462 3702 molleh.
482 3650 501 3702 1.
523 3657 689 3718 apponuntur.
733 3670 781 3705 nan
795 3656 870 3705 male.
890 3653 985 3715 viuum,
1005 3650 1222 3700 11115111ωεί6-
1241 3651 1306 3702 Viuo

113 3718 153 3770 Ad
166 3735 217 3768 rem
231 3720 299 3770 conl.
311 3722 344 3771 Α.
357 3725 389 3772 Α.
403 3718 443 3784 ll,
462 3719 524 3771 237.
733 3725 814 3775 radia>
831 3729 871 3773 est
889 3738 937 3772 uon
958 3719 1069 3771 revulsa.
1111 3718 1181 3769 Sani
1203 3719 1306 3770 radices

152 3805 213 3856 710.
237 3807 382 3874 tristisque.
416 3813 470 3868 „et
492 3806 591 3872 Μαίη,
622 3805 694 3874 quod
733 3794 809 3844 ellum
822 3789 977 3873 Lucrel.·ll,
997 3787 1058 3838 1⁰2.

114 3889 169 3925 non
188 3869 352 3938 admitteret,
370 3892 445 3927 serae
463 3877 581 3928 conuicia
588 3876 691 3940 sectr.“
770 3860 830 3911 719.
850 3859 934 3910 molire
946 3863 985 3906 cst
996 3869 1095 3922 magna
1109 3863 1245 3923 apparatu
1252 3871 1306 3924 pa.

115 3945 176 3993 ssas.
196 3943 220 3992 3.
240 3945 372 4010 tristique,
399 3946 464 4008 quod
482 3951 577 3996 temera
595 3944 694 3995 induxit
733 3945 804 3980 mre·
1244 3995 1250 4007 .

119 4012 246 4062 Heinsius.
284 4013 354 4075 Quod
383 4014 414 4061 ad
439 4015 602 4073 senteutiam,
627 4015 690 4062 baec
770 3996 830 4050 ⁷2⁰·
852 3994 1040 4052 Pmmm'
1055 3992 1306 4057 ‘lulmnlust‘fflm'

114 4097 157 4130 res
171 4080 262 4145 passim
281 4080 403 4144 apaetis,
422 4081 464 4144 qui
482 4082 513 4131 da
530 4097 614 4132 unare
627 4081 691 4131 scri·
731 4066 812 4133 11119ιί8
824 4064 925 4147 Y⁰fblsj
945 4062 970 4112 ²⁸⁰
985 4061 1089 4124 mma
1108 4063 1256 4149 lapipiebon
1275 4133 1280 4147 ¹

114 4156 233 4216 pserunt,
264 4154 402 4198 memorata
424 4149 526 4211 legitur.
569 4149 626 4200 Vid.
652 4150 691 4198 ia·
800 4132 889 4186 Dim
906 4148 930 4183 ²⁰
951 4131 1057 4199 Pam»
1085 4140 1112 4185 ‘l
1127 4134 1305 4185 1097819976

109 4226 196 4284 'terpp
211 4219 342 4269 adAmar.
362 4216 388 4282 l,
407 4218 439 4280 2,
460 4217 474 4267 6
494 4233 565 4284 seqq.
590 4217 649 4270 Tib.
664 4218 689 4281 l,
942 4200 1042 4252 Pam·

112 4288 148 4351 2,
170 4289 196 4338 9.
729 4287 813 4354 'altqne
827 4287 888 4337 adea
897 4301 1020 4353 paeones
1033 4287 1119 4336 dixere
1132 4286 1213 4335 amaia
1225 4285 1305 4351 epini-

151 4356 213 4406 lll.
233 4358 307 4420 freta
333 4362 460 4424 surgente
484 4353 502 4404 i.
517 4369 541 4404 e.
565 4354 692 4418 surgenti-
737 4357 787 4407 cia.
829 4355 867 4406 De
887 4356 931 4406 illo
949 4357 1035 4409 nitida
1053 4353 1162 4416 caal.l,
1195 4355 1304 4404 552.-

114 4425 162 4477 bus
192 4426 245 4475 sive
276 4425 376 4475 tumidis
407 4424 532 4475 fluctibus.
557 4451 591 4463 -
623 4424 691 4475 Scri-
733 4424 822 4477 Laura
835 4425 1052 4476 autemiaciactas
1065 4423 1305 4491 luissatriuatplrun-

113 4502 212 4562 ptus-am
236 4495 344 4546 suedia
367 4495 487 4546 exhibeat
518 4493 618 4545 codices
642 4494 692 4544 Be·
732 4501 787 4564 tes,
807 4494 960 4546 notissimum
973 4501 1021 4545 ast.
1057 4492 1117 4545 Vid.
1131 4491 1157 4557 l,
1176 4493 1236 4546 552.
