2864 4890
112 142 194 203 100
500 143 604 200 0Vlllll
622 142 929 199 llllTAblostlllOSES.

196 294 322 387 Stagna
343 296 521 365 Palaestini
541 298 678 365 crodunt
698 298 877 367 celebrasse
896 298 1023 386 ἧμας

198 384 256 450 An
276 382 393 470 magis,
415 399 452 449 nt
466 383 581 449 sumtis
602 383 691 449 illins
711 382 781 450 lilio
801 383 917 474 pennis

197 467 373 533 Extremus
391 467 465 535 altis
485 468 521 533 in
541 468 686 534 turribus
708 469 812 556 egerit
832 490 954 549 annos3

197 552 280 620 Nais
300 576 342 617 an
364 568 401 618 ut
419 567 517 618 cantu
536 552 739 639 nimiumque
758 553 941 643 potentibus
962 548 1071 616 herbis

197 636 343 704 Verterit
362 636 397 702 in
418 636 532 704 tacitos
551 635 709 728 juvenilia
731 662 868 727 corpora
889 637 1004 727 pisces,
1276 638 1331 694 5⁰

197 722 316 790 Donec
334 722 422 787 idom
440 745 534 811 passa
552 738 619 804 θοις
639 745 695 805 an,
717 747 800 808 quae
820 745 917 811 poma
938 722 1012 787 alba
1036 718 1179 804 ferebat,

198 807 246 874 Ut
265 831 354 873 nunc
374 806 469 894 nigra
489 806 575 874 forat
595 822 743 873 contactu
764 806 932 895 sanguinis
951 807 1062 874 arbor.

198 890 290 957 Haec
311 893 426 980 placet,
448 893 543 974 banc,
566 892 720 977 qnoniam
739 893 888 980 vulgaris
908 892 1022 957 fabula
1044 916 1113 959 non
1135 903 1196 974 est,

200 977 340 1043 Talibus
362 1000 436 1042 orsa
455 977 572 1059 modis,
591 979 667 1042 lana
688 1001 747 1043 sua
765 980 821 1043 lila
843 991 1015 1063 sequenter

198 1061 386 1150 „Pyramus
408 1076 440 1126 et
462 1061 599 1144 Thisbe,
616 1059 775 1152 juvenum
795 1062 1033 1152 pulcherrimus
1053 1060 1150 1144 alter,
1263 1034 1336 1117 5⁵

152 1198 155 1205 ,
199 1146 328 1227 Altera,
351 1168 430 1232 quas
452 1145 573 1211 Oriens
595 1146 719 1229 babuit,
742 1149 887 1248 qraelata
908 1146 1039 1235 puellis,

200 1228 297 1296 Gonti
343 1253 378 1296 as
399 1245 532 1296 tenuere
554 1231 679 1314 domos,
702 1235 761 1298 nbi
781 1232 901 1298 dicitur
921 1232 1020 1297 altam

202 1313 294 1381 Gocti
311 1315 381 1380 ‘bus
402 1315 505 1380 muris
526 1315 667 1381 cinxisse
686 1314 876 1383 Semiramis
895 1317 1023 1383 urbem.

199 1398 358 1467 Notitiam
379 1399 563 1487 primosque
583 1400 704 1488 gradus
723 1402 844 1468 vicinia
863 1401 952 1483 fecit,
1184 1440 1187 1447 ·

201 1485 368 1572 Tempore
389 1485 493 1551 crevit
513 1508 623 1552 amor:
646 1487 757 1552 taedae
777 1509 904 1572 qnoque
922 1483 996 1577 jure
1017 1484 1166 1565 coissent,
1257 1455 1350 1541 69

200 1568 267 1636 Sed
286 1586 419 1636 vetuere
440 1588 557 1657 patres.
601 1570 699 1655 Quod
719 1596 786 1638 non
808 1587 942 1660 potuere
962 1586 1087 1653 vetare,

200 1653 256 1719 Ex
278 1677 380 1739 aequo
401 1654 502 1742 captis
522 1655 679 1722 ardebant
698 1657 860 1722 mentibus
882 1657 991 1722 ambo.

201 1737 358 1805 Conscius
379 1739 485 1804 omnis
504 1741 612 1822 abest3
633 1756 716 1807 nutu
735 1741 899 1828 signisque
914 1742 1111 1826 loquuntur,

201 1823 340 1909 Quoque
360 1823 464 1911 magis
484 1824 615 1912 tegitur,
636 1841 737 1893 tectus
759 1827 863 1914 magis
883 1840 1007 1891 aestuat
1026 1823 1126 1911 ignis.

123 1995 296 2049 Venusiamn
309 2010 422 2047 amorosa
429 1994 539 2059 juvenis
547 1998 691 2061 enjusdam
768 1998 811 2050 53.
831 1996 907 2061 Vols.
927 1997 994 2049 linae
1010 1997 1118 2065 placet,
1141 1992 1209 2047 bueo
1224 2006 1298 2061 quoo-

115 2065 524 2134 mspoavtt‚esqooa'emiramtn
536 2069 692 2137 mixuprna
732 2069 794 2120 Cod.
815 2068 923 2130 Bersm.,
943 2067 1040 2130 Remi,
1060 2066 1117 2117 Eri.
1137 2065 1177 2129 2.,
1202 2062 1300 2123 Drcsd,

112 2138 216 2206 pudore
226 2152 255 2186 se
266 2135 294 2186 in
304 2135 395 2186 locum
407 2136 493 2201 misit,
512 2144 539 2190 et
555 2138 584 2189 in
591 2140 691 2206 piscem
733 2138 807 2189 Goth.
822 2139 860 2201 2.,
875 2135 955 2186 llhen.
969 2143 996 2186 et
1008 2136 1073 2203 Spir.
1087 2135 1158 2186 lano
1171 2131 1301 2202 mentm

115 2204 332 2273 mutatauSyris
345 2205 688 2261 dioinobenomcultaest.
732 2206 844 2259 beelim.
881 2203 950 2257 Unus
974 2205 1050 2259 Voss.
1076 2205 1149 2257 bine.
1187 2199 1304 2254 Nonnulli

116 2277 182 2331 Plin.
196 2274 229 2327 N.
244 2274 349 2328 ll.V.c.
359 2275 403 2328 32.
421 2275 486 2343 llys.
501 2275 572 2329 Poet.
585 2278 688 2329 Astron.
731 2276 819 2327 lleins.
838 2275 888 2326 boc
906 2291 987 2343 quon.
1018 2274 1115 2325 Deinde
1127 2273 1185 2324 eod.
1199 2272 1305 2335 liorem,

117 2346 150 2398 ll.
159 2363 183 2396 c.
193 2345 236 2396 30.
250 2343 325 2407 Vulg.
337 2343 424 2397 Dirce.
437 2344 601 2397 mendose·
611 2347 689 2413 Verti,
732 2346 828 2409 Borol.,
844 2345 918 2396 Goth.
932 2347 959 2400 2.
974 2361 1017 2410 pro
1030 2359 1055 2395 v.
1070 2345 1100 2406 1.,
1121 2342 1176 2394 Pal.
1190 2342 1229 2405 2.,
1249 2338 1305 2391 Per.

116 2413 218 2468 mutari
227 2429 283 2464 cum
295 2414 413 2478 ablativo,
427 2421 455 2464 ut
466 2431 492 2466 v.
507 2415 568 2468 307.
581 2415 616 2480 Χ,
631 2417 691 2467 157.
736 2415 760 2466 1.
775 2417 813 2477 2.,
834 2413 926 2477 Rhea„
945 2414 1015 2480 Lips-
1033 2415 1071 2476 2.,
1093 2412 1172 2478 Spin,
1192 2410 1266 2465 Vrii·
1283 2414 1308 2459 ⁸⁸

116 2484 164 2547 Xl,
185 2484 246 2534 101.
266 2510 301 2523 -
321 2483 364 2534 lo.
385 2483 538 2536 celebrasse.
571 2484 608 2537 lte
627 2487 693 2538 alter
734 2485 845 2536 nonnulli
858 2484 952 2534 llcinsii
965 2483 1123 2551 bocploect.

116 2555 225 2616 Bersm.,
247 2551 366 2618 Capram,
386 2553 487 2616 Dresd.,
508 2554 581 2617 Ern,
605 2555 690 2620 Joun,
770 2553 812 2605 57.
833 2555 985 2621 contiguos.
1014 2554 1089 2605 Goth.
1103 2554 1141 2614 2.,
1155 2549 1217 2601 Par.
1232 2548 1308 2613 1.2.,

116 2623 176 2675 Par.
190 2622 215 2674 l.
230 2628 257 2672 et
267 2637 311 2688 pro
324 2638 349 2673 v.
363 2623 381 2673 l.
396 2625 435 2686 2.,
455 2623 546 2686 libem,
568 2624 637 2690 Lips.
652 2627 690 2688 2.,
734 2624 804 2690 Lips.
821 2623 844 2674 l.
857 2631 885 2673 et
897 2624 995 2689 plurimi
1009 2623 1095 2673 lleins.
1110 2620 1263 2672 mutinum.
1277 2640 1308 2655 -

118 2693 194 2755 Stat,
208 2708 273 2742 unns
280 2691 351 2755 Vat.,
365 2692 437 2744 Vrut.
453 2700 479 2743 et
489 2694 607 2744 meliores
615 2694 692 2744 lloin·
735 2694 884 2760 Contiguus
908 2709 973 2742 nunc
997 2698 1117 2757 praestat,
1142 2690 1202 2755 quia
1219 2703 1246 2740 v.
1265 2684 1307 2737 00.

116 2764 158 2815 sii.
179 2761 276 2827 Reliqui
296 2761 414 2829 coluisse,
432 2762 576 2827 habitasse,
597 2763 692 2826 egles·
734 2764 830 2813 demum
849 2769 964 2812 monetur
982 2763 1027 2811 has
1046 2762 1131 2811 domos
1154 2770 1310 2809 commone!

117 2833 162 2884 sis.
190 2833 252 2883 Cod.
267 2832 375 2895 Bersm.,
389 2832 466 2893 abb„
487 2832 599 2883 nonnulli
612 2833 690 2897 Cios„
734 2832 988 2899 parietembabuisse.
999 2825 1308 2892 (tien-Flaminis

117 2901 177 2952 Par.
190 2903 228 2962 2.,
242 2901 312 2966 Lips.
327 2901 363 2964 1.,
378 2901 476 2966 quidam
489 2901 576 2951 Heius.
591 2909 616 2951 ot
628 2909 690 2953 vett.
737 2903 773 2964 1.,
787 2900 891 2964 Medio,
906 2900 997 2966 Neap„
1011 2899 1085 2962 Non,
1099 2898 1157 2949 Por.
1171 2899 1210 2960 2.,
1230 2895 1308 2963 Spin,

118 2972 176 3021 edd.
189 2977 314 3023 mutmse.
335 2970 477 3036 Perpernm.
502 2970 575 3022 Conf.
590 2987 615 3023 v.
630 2972 691 3021 411.
734 2971 793 3023 Vnt.
811 2971 834 3022 l.
850 2978 875 3020 ot
891 2970 926 3022 Vl
944 2970 1062 3020 meliores
1081 2968 1177 3019 lleinsii
1194 2974 1308 3021 temm.

117 3040 152 3099 Χ,
168 3039 227 3091 703.
241 3040 312 3103 XlV,
327 3040 386 3090 558.
402 3040 458 3103 Vll,
473 3039 533 3094 372.
549 3069 582 3080 -
597 3041 693 3091 Palae·
735 3040 848 3105 lleliqui:
863 3040 985 3104 habuere,
1006 3039 1070 3104 qnod
1082 3053 1169 3104 parurn
1181 3034 1311 3102 probabile

116 3110 183 3164 atini
186 3148 193 3174 ,
208 3109 279 3176 Syri:
299 3125 354 3159 nain
367 3109 510 3160 Palaestina
523 3109 611 3178 Syriae
623 3126 692 3176 pars.
735 3117 775 3160 cst
786 3125 801 3159 a
814 3110 923 3159 librariis
936 3111 961 3158 in
973 3116 1081 3161 tenuere
1092 3122 1148 3157 esse
1160 3112 1294 3157 mentun.

153 3178 197 3230 17.
216 3179 366 3242 illinsfiliu.
386 3179 532 3230 Samiramin
546 3180 614 3244 dieit,
629 3196 692 3245 quae
771 3180 814 3230 58.
832 3179 923 3229 lustin.
939 3179 958 3229 1.
974 3194 996 3228 c.
1011 3181 1037 3233 2.
1054 3178 1127 3230 llaec
1141 3172 1312 3241 (Semiramis)

118 3265 174 3301 cnm
187 3249 300 3313 expositu
313 3263 327 3296 a
340 3255 419 3297 matre
436 3256 518 3312 esset,
540 3265 555 3299 n
573 3251 693 3300 columbis
736 3249 911 3316 Babylonium
930 3248 1055 3312 condidit,
1074 3261 1232 3313 murumque
1248 3240 1314 3315 urbi

119 3317 221 3377 nutrita,
236 3317 298 3365 etin
311 3324 439 3366 senectute
453 3318 581 3384 etipsnin
600 3320 695 3370 colum·
736 3327 809 3370 coeto
827 3320 909 3370 latere
926 3318 1110 3380 circumdedit,
1137 3330 1240 3366 ursam
1256 3314 1314 3367 uio!

119 3387 176 3436 bom
194 3391 290 3434 mutata
314 3399 370 3434 csse
394 3387 510 3437 traditur.
536 3416 569 3427 -
593 3405 695 3440 sumere
736 3390 862 3440 bitumine
874 3389 1038 3440 interstroto.
1075 3386 1134 3438 Vid.
1149 3384 1222 3435 Curi.
1236 3382 1272 3448 V,
1286 3382 1312 3448 l,

114 3470 220 3525 pennos
232 3469 276 3519 pro
289 3453 316 3503 in
329 3471 403 3505 onaan
414 3456 517 3507 mistam·
533 3458 633 3520 passim.
659 3457 692 3520 V,
735 3460 779 3513 21.
800 3459 845 3507 llic
858 3473 942 3508 murus
954 3458 979 3507 in
992 3456 1119 3506 miraculis
1130 3453 1215 3504 mundi
1226 3466 1315 3505 nunc-

118 3524 181 3583 288.
205 3522 258 3587 Xl,
281 3522 341 3575 780.
364 3552 393 3561 -
419 3525 462 3574 48.
483 3525 556 3577 alen.
577 3526 693 3576 llcinsius
736 3533 867 3578 natusest.
893 3554 928 3567 -
952 3528 1066 3591 coctiles,
1079 3526 1110 3575 de
1123 3520 1313 3574 laterecoetib.

119 3594 257 3659 singularia
268 3593 358 3658 ubique
371 3593 458 3658 cupide
472 3595 691 3660 arripiensel'lor.
737 3597 807 3647 Curt.
821 3597 854 3660 V,
870 3594 895 3660 1,
908 3597 1004 3663 24sqq.
1023 3624 1056 3635 -
1075 3593 1118 3645 50.
1133 3593 1236 3661 primos
1246 3608 1316 3661 gn·

120 3675 146 3719 et
158 3665 275 3716 llottend.
291 3664 359 3714 dedit
371 3664 448 3715 olbis.
737 3668 796 3732 dus,
814 3682 850 3716 sc.
866 3667 967 3717 amoris.
987 3694 1021 3707 -
1040 3664 1083 3715 00.
1096 3664 1186 3725 toedu,
1199 3676 1240 3712 sc.
1253 3678 1316 3713 eon-

153 3735 197 3787 49.
213 3735 294 3787 Nui's.
309 3735 346 3784 Dc
359 3735 405 3784 liae
420 3733 505 3784 fabula
517 3740 618 3798 praeter
629 3735 693 3783 hunc
732 3736 837 3802 jugalis
852 3734 911 3786 Vid.
925 3737 956 3785 ud
970 3736 990 3798 1,
1005 3735 1065 3785 483.
1080 3732 1112 3796 V,
1123 3732 1182 3783 758.
1192 3730 1241 3795 1Χ,
1251 3729 1314 3785 721.

119 3805 201 3855 locum
214 3805 394 3856 nihilconstat.
410 3831 442 3844 -
461 3805 694 3870 nimiumpotenti-
773 3805 815 3855 01.
838 3805 908 3872 qnod
922 3821 975 3856 mon
991 3810 1214 3872 potuercoeture.
1248 3800 1318 3867 Quid

121 3874 179 3925 bus.
214 3874 295 3924 Contu
306 3882 333 3924 et
344 3875 428 3925 herbis
448 3874 582 3924 utebantur
600 3875 694 3924 veneli-
737 3875 798 3925 illud
818 3875 851 3924 sit
869 3875 953 3924 statim
970 3875 1098 3939 sequitur:
1117 3886 1250 3939 exaequo
1261 3876 1316 3923 eto.

120 3957 176 3992 cac.
196 3941 252 4004 Vll,
267 3943 310 3992 08.
324 3951 350 3992 et
362 3945 462 4009 passim.
476 3944 550 3995 Conl.
566 3944 584 4003 l,
599 3944 660 3997 522.
738 3944 831 3994 Similis
850 3945 989 3994 sententiae
1007 3943 1086 4006 ligura
1110 3947 1150 3991 est
1168 3938 1249 3991 Trist.
1270 3938 1317 4003 lll,

157 4008 200 4059 51.
221 4010 294 4061 inter
314 4013 443 4077 subulas,
468 4031 534 4081 quas
553 4012 695 4081 Minyades
737 4014 769 4078 8,
790 4013 833 4067 21.

123 4080 165 4145 (ν.
181 4077 225 4143 1.)
245 4079 353 4129 invicem
370 4091 497 4147 narrant,
517 4090 575 4134 erat
612 4098 696 4150 noque
808 4083 885 4150 Quod
906 4079 992 4133 micus
1016 4079 1119 4130 intereo
1143 4085 1198 4140 eet,
1225 4077 1321 4131 tumr

121 4147 298 4202 tristissimum
309 4150 402 4209 ¹[utrem
415 4151 522 4216 Pyrmm
537 4159 562 4203 et
601 4153 693 4216 bisbcs,
945 4149 1011 4200 milti
1021 4149 1139 4200 muneris
1150 4147 1253 4213 amplis

122 4219 233 4269 duomm
248 4216 396 4268 amantium
411 4219 630 4285 Babyloniorum,
651 4221 698 4287 qni
840 4218 886 4271 Ex
903 4219 945 4271 lais
962 4237 1003 4269 me
1020 4220 1119 4284 jubeat
1139 4216 1260 4286 quolibet
1280 4217 1323 4269 in

116 4287 205 4351 fatali
216 4303 308 4336 errore
320 4287 395 4336 ambo
407 4288 579 4338 miserrimum
597 4290 696 4341 exitum
947 4289 1021 4340 locis.
1252 4320 1257 4327 ·

122 4356 289 4416 hoboemntr
297 4358 406 4417 smum
418 4364 507 4409 autem
514 4358 613 4408 arboris
620 4361 694 4424 mori,
740 4359 814 4412 Conl.
828 4357 900 4422 Virg.
914 4358 978 4410 Aen.
994 4358 1026 4420 ll,
1042 4357 1101 4409 180.
1115 4384 1151 4394 -
1170 4354 1214 4406 02.
1229 4372 1266 4409 ea·
1277 4370 1327 4409 u·

122 4427 173 4479 aab
198 4442 252 4495 qua
273 4426 433 4477 horrendum
457 4426 570 4490 sueinus
589 4429 697 4491 jactum
740 4445 800 4498 quo,
817 4429 991 4494 ecquomodo.
1018 4427 1092 4478 Conf.
1107 4426 1153 4488 lX,
1169 4424 1231 4481 720.

124 4502 194 4566 erut,
206 4514 239 4551 aas
250 4496 312 4549 ulio
323 4495 352 4549 in
363 4497 475 4565 nigrum
485 4504 605 4553 mutatus
617 4505 664 4552 est.
775 4498 819 4550 04.
839 4505 926 4553 tectus
937 4497 1036 4567 mugit.
1057 4496 1090 4548 111
1097 4496 1207 4559 lteram,
1222 4494 1330 4559 Burei..
