<?xml version="1.0" encoding="UTF-8"?>
<!DOCTYPE html PUBLIC "-//W3C//DTD XHTML 1.0 Transitional//EN"
    "http://www.w3.org/TR/xhtml1/DTD/xhtml1-transitional.dtd">
<html xmlns="http://www.w3.org/1999/xhtml" xml:lang="en" lang="en">
 <head>
  <title>
</title>
<meta http-equiv="Content-Type" content="text/html;charset=utf-8" />
  <meta name='ocr-system' content='tesseract 3.04.00' />
  <meta name='ocr-capabilities' content='ocr_page ocr_carea ocr_par ocr_line ocrx_word'/>
</head>
<body>
  <div class='ocr_page' id='page_1' title='image "./povidiinasonism01ovidgoog_0117.png"; bbox 0 0 2864 4890; ppageno 0'>
   <div class='ocr_carea' id='block_1_1' title="bbox 103 1252 108 1261">
    <p class='ocr_par' dir='ltr' id='par_1_1' title="bbox 103 1252 108 1261">
     <span class='ocr_line' id='line_1_1' title="bbox 103 1252 108 1261; baseline 0 0"><span class='ocrx_word' id='word_1_1' title='bbox 103 1252 108 1261; x_wconf 59' lang='grc' dir='ltr'><strong>ι</strong></span> 
     </span>
    </p>
   </div>
   <div class='ocr_carea' id='block_1_2' title="bbox 181 729 1403 1133">
    <p class='ocr_par' dir='ltr' id='par_1_2' title="bbox 181 729 1403 1133">
     <span class='ocr_line' id='line_1_2' title="bbox 181 729 1403 879; baseline -0.014 -30"><span class='ocrx_word' id='word_1_2' title='bbox 181 729 183 733; x_wconf 77' lang='grc'><em>’</em></span> <span class='ocrx_word' id='word_1_3' title='bbox 284 848 286 853; x_wconf 13' lang='lat' dir='ltr'><em>J</em></span> <span class='ocrx_word' id='word_1_4' title='bbox 367 754 480 870; x_wconf 82' lang='lat' dir='ltr'><strong>r.</strong></span> <span class='ocrx_word' id='word_1_5' title='bbox 518 753 1117 843; x_wconf 76' lang='lat' dir='ltr'><strong>0v1n111vnsoure</strong></span> <span class='ocrx_word' id='word_1_6' title='bbox 1166 862 1178 879; x_wconf 16' lang='lat'><strong>¹,</strong></span> <span class='ocrx_word' id='word_1_7' title='bbox 1253 806 1256 811; x_wconf 44' lang='lat'>&lt;</span> <span class='ocrx_word' id='word_1_8' title='bbox 1323 805 1403 879; x_wconf 78' lang='lat'><strong>·.</strong></span> 
     </span>
     <span class='ocr_line' id='line_1_3' title="bbox 223 932 1359 1133; baseline -0.004 -56.178"><span class='ocrx_word' id='word_1_9' title='bbox 223 932 1359 1133; x_wconf 77' lang='lat' dir='ltr'><strong>uurnuonruosnou·</strong></span> 
     </span>
    </p>
   </div>
   <div class='ocr_carea' id='block_1_3' title="bbox 549 1186 1022 1294">
    <p class='ocr_par' dir='ltr' id='par_1_3' title="bbox 549 1186 1022 1294">
     <span class='ocr_line' id='line_1_4' title="bbox 549 1186 1022 1294; baseline 0.004 -25"><span class='ocrx_word' id='word_1_10' title='bbox 549 1198 708 1270; x_wconf 76' lang='lat' dir='ltr'><strong>ainau</strong></span> <span class='ocrx_word' id='word_1_11' title='bbox 737 1186 990 1294; x_wconf 69' lang='lat' dir='ltr'><strong>ruamus.</strong></span> <span class='ocrx_word' id='word_1_12' title='bbox 1019 1217 1022 1222; x_wconf 95' lang='lat'>·</span> 
     </span>
    </p>
   </div>
   <div class='ocr_carea' id='block_1_4' title="bbox 686 1429 852 1440">
    <p class='ocr_par' dir='ltr' id='par_1_4' title="bbox 686 1429 852 1440">
     <span class='ocr_line' id='line_1_5' title="bbox 686 1429 852 1440; baseline 0.006 -1"><span class='ocrx_word' id='word_1_13' title='bbox 686 1429 852 1440; x_wconf 70' lang='lat' dir='ltr'><strong>——a-1-</strong></span> 
     </span>
    </p>
   </div>
   <div class='ocr_carea' id='block_1_5' title="bbox 260 1566 1060 1700">
    <p class='ocr_par' dir='ltr' id='par_1_5' title="bbox 260 1566 1060 1700">
     <span class='ocr_line' id='line_1_6' title="bbox 260 1566 1060 1700; baseline -0.004 -24"><span class='ocrx_word' id='word_1_14' title='bbox 260 1566 424 1695; x_wconf 69' lang='lat' dir='ltr'><strong>Jamque</strong></span> <span class='ocrx_word' id='word_1_15' title='bbox 445 1608 522 1676; x_wconf 83' lang='lat' dir='ltr'><strong>deus</strong></span> <span class='ocrx_word' id='word_1_16' title='bbox 544 1611 646 1700; x_wconf 87' lang='lat' dir='ltr'><strong>posita</strong></span> <span class='ocrx_word' id='word_1_17' title='bbox 666 1611 791 1677; x_wconf 87' lang='lat' dir='ltr'><strong>fallacis</strong></span> <span class='ocrx_word' id='word_1_18' title='bbox 812 1609 953 1697; x_wconf 81' lang='lat' dir='ltr'>imagine</span> <span class='ocrx_word' id='word_1_19' title='bbox 974 1610 1060 1676; x_wconf 87' lang='lat' dir='ltr'><strong>tauri</strong></span> 
     </span>
    </p>
   </div>
   <div class='ocr_carea' id='block_1_6' title="bbox 256 1697 1369 2781">
    <p class='ocr_par' dir='ltr' id='par_1_6' title="bbox 259 1697 1061 1787">
     <span class='ocr_line' id='line_1_7' title="bbox 259 1697 1061 1787; baseline 0.001 -23"><span class='ocrx_word' id='word_1_20' title='bbox 259 1697 304 1765; x_wconf 88' lang='lat' dir='ltr'><strong>Se</strong></span> <span class='ocrx_word' id='word_1_21' title='bbox 326 1701 489 1765; x_wconf 83' lang='lat' dir='ltr'><strong>confessus</strong></span> <span class='ocrx_word' id='word_1_22' title='bbox 512 1718 580 1767; x_wconf 89' lang='lat' dir='ltr'><strong>erat</strong></span> <span class='ocrx_word' id='word_1_23' title='bbox 601 1702 800 1787; x_wconf 77' lang='lat' dir='ltr'>Dictaeaque</span> <span class='ocrx_word' id='word_1_24' title='bbox 822 1726 899 1766; x_wconf 90' lang='lat' dir='ltr'><strong>rura</strong></span> <span class='ocrx_word' id='word_1_25' title='bbox 921 1702 1061 1779; x_wconf 88' lang='lat' dir='ltr'><strong>tenebat,</strong></span> 
     </span>
    </p>

    <p class='ocr_par' dir='ltr' id='par_1_7' title="bbox 256 1783 1111 2042">
     <span class='ocr_line' id='line_1_8' title="bbox 262 1783 1111 1887; baseline -0.004 -36"><span class='ocrx_word' id='word_1_26' title='bbox 262 1783 346 1851; x_wconf 80' lang='lat' dir='ltr'><strong>Cum</strong></span> <span class='ocrx_word' id='word_1_27' title='bbox 367 1800 457 1872; x_wconf 89' lang='lat' dir='ltr'><strong>pater</strong></span> <span class='ocrx_word' id='word_1_28' title='bbox 475 1785 608 1872; x_wconf 86' lang='lat' dir='ltr'><strong>ignarus</strong></span> <span class='ocrx_word' id='word_1_29' title='bbox 631 1801 759 1887; x_wconf 83' lang='lat' dir='ltr'><strong>raptam</strong></span> <span class='ocrx_word' id='word_1_30' title='bbox 779 1787 966 1886; x_wconf 69' lang='lat' dir='ltr'><strong>perquirere</strong></span> <span class='ocrx_word' id='word_1_31' title='bbox 988 1783 1111 1850; x_wconf 81' lang='lat' dir='ltr'><strong>cadmo</strong></span> 
     </span>
     <span class='ocr_line' id='line_1_9' title="bbox 259 1869 1068 1957; baseline 0.001 -23"><span class='ocrx_word' id='word_1_32' title='bbox 259 1869 401 1957; x_wconf 83' lang='lat' dir='ltr'><strong>Imperat</strong></span> <span class='ocrx_word' id='word_1_33' title='bbox 423 1885 454 1934; x_wconf 89' lang='lat' dir='ltr'><strong>et</strong></span> <span class='ocrx_word' id='word_1_34' title='bbox 475 1894 624 1956; x_wconf 84' lang='lat' dir='ltr'><strong>poenam,</strong></span> <span class='ocrx_word' id='word_1_35' title='bbox 646 1896 675 1936; x_wconf 82' lang='lat' dir='ltr'><strong>u</strong></span> <span class='ocrx_word' id='word_1_36' title='bbox 696 1895 763 1936; x_wconf 93' lang='lat' dir='ltr'><strong>non</strong></span> <span class='ocrx_word' id='word_1_37' title='bbox 784 1871 957 1952; x_wconf 83' lang='lat' dir='ltr'><strong>rnvenerit,</strong></span> <span class='ocrx_word' id='word_1_38' title='bbox 979 1870 1068 1935; x_wconf 82' lang='lat' dir='ltr'><strong>addit</strong></span> 
     </span>
     <span class='ocr_line' id='line_1_10' title="bbox 256 1953 1025 2042; baseline 0.001 -24"><span class='ocrx_word' id='word_1_39' title='bbox 256 1953 434 2035; x_wconf 83' lang='lat' dir='ltr'>Exsilium,</span> <span class='ocrx_word' id='word_1_40' title='bbox 457 1955 544 2020; x_wconf 87' lang='lat' dir='ltr'><strong>facto</strong></span> <span class='ocrx_word' id='word_1_41' title='bbox 564 1954 636 2042; x_wconf 87' lang='lat' dir='ltr'><strong>pius</strong></span> <span class='ocrx_word' id='word_1_42' title='bbox 658 1972 688 2021; x_wconf 89' lang='lat' dir='ltr'><strong>et</strong></span> <span class='ocrx_word' id='word_1_43' title='bbox 709 1957 880 2021; x_wconf 85' lang='lat' dir='ltr'><strong>sceleratus</strong></span> <span class='ocrx_word' id='word_1_44' title='bbox 901 1957 1025 2020; x_wconf 90' lang='lat' dir='ltr'><strong>eodem.</strong></span> 
     </span>
    </p>

    <p class='ocr_par' dir='ltr' id='par_1_8' title="bbox 257 2039 1263 2378">
     <span class='ocr_line' id='line_1_11' title="bbox 260 2039 1192 2128; baseline -0.001 -25"><span class='ocrx_word' id='word_1_45' title='bbox 260 2039 351 2103; x_wconf 88' lang='lat' dir='ltr'><strong>Orbe</strong></span> <span class='ocrx_word' id='word_1_46' title='bbox 372 2056 537 2124; x_wconf 89' lang='lat' dir='ltr'><strong>pererrato</strong></span> <span class='ocrx_word' id='word_1_47' title='bbox 553 2077 572 2088; x_wconf 95' lang='lat'><em>-</em></span> <span class='ocrx_word' id='word_1_48' title='bbox 590 2039 660 2125; x_wconf 91' lang='lat' dir='ltr'><strong>quis</strong></span> <span class='ocrx_word' id='word_1_49' title='bbox 683 2040 770 2105; x_wconf 90' lang='lat' dir='ltr'><strong>enim</strong></span> <span class='ocrx_word' id='word_1_50' title='bbox 790 2041 988 2128; x_wconf 85' lang='lat' dir='ltr'><strong>deprendere</strong></span> <span class='ocrx_word' id='word_1_51' title='bbox 1010 2053 1116 2126; x_wconf 88' lang='lat' dir='ltr'><strong>posset</strong></span> <span class='ocrx_word' id='word_1_52' title='bbox 1188 2042 1192 2050; x_wconf 83' lang='grc'><strong>“</strong></span> 
     </span>
     <span class='ocr_line' id='line_1_12' title="bbox 258 2121 1263 2212; baseline -0.004 -24"><span class='ocrx_word' id='word_1_53' title='bbox 258 2121 361 2188; x_wconf 83' lang='lat' dir='ltr'><strong>Furta</strong></span> <span class='ocrx_word' id='word_1_54' title='bbox 383 2123 496 2190; x_wconf 73' lang='lat' dir='ltr'><strong>Jovisi</strong></span> <span class='ocrx_word' id='word_1_55' title='bbox 518 2126 713 2211; x_wconf 83' lang='lat' dir='ltr'><strong>-profugus</strong></span> <span class='ocrx_word' id='word_1_56' title='bbox 734 2125 936 2212; x_wconf 87' lang='lat' dir='ltr'><strong>patriamque</strong></span> <span class='ocrx_word' id='word_1_57' title='bbox 953 2123 1100 2208; x_wconf 81' lang='lat' dir='ltr'><strong>iramque</strong></span> <span class='ocrx_word' id='word_1_58' title='bbox 1121 2121 1263 2209; x_wconf 85' lang='lat' dir='ltr'><strong>parentis</strong></span> 
     </span>
     <span class='ocr_line' id='line_1_13' title="bbox 257 2205 1108 2296; baseline -0.002 -24"><span class='ocrx_word' id='word_1_59' title='bbox 257 2205 348 2273; x_wconf 90' lang='lat' dir='ltr'><strong>Vitat</strong></span> <span class='ocrx_word' id='word_1_60' title='bbox 368 2207 586 2293; x_wconf 78' lang='lat' dir='ltr'><strong>Agenoridae,</strong></span> <span class='ocrx_word' id='word_1_61' title='bbox 608 2209 796 2294; x_wconf 84' lang='lat' dir='ltr'><strong>Phoebique</strong></span> <span class='ocrx_word' id='word_1_62' title='bbox 816 2211 946 2274; x_wconf 90' lang='lat' dir='ltr'><strong>oracula</strong></span> <span class='ocrx_word' id='word_1_63' title='bbox 967 2209 1108 2296; x_wconf 78' lang='lat' dir='ltr'><strong>supplex</strong></span> 
     </span>
     <span class='ocr_line' id='line_1_14' title="bbox 261 2290 1131 2378; baseline -0.005 -20"><span class='ocrx_word' id='word_1_64' title='bbox 261 2290 412 2358; x_wconf 79' lang='lat' dir='ltr'><strong>Consulit</strong></span> <span class='ocrx_word' id='word_1_65' title='bbox 434 2308 476 2374; x_wconf 86' lang='lat' dir='ltr'><strong>et,</strong></span> <span class='ocrx_word' id='word_1_66' title='bbox 498 2317 579 2377; x_wconf 87' lang='lat' dir='ltr'><strong>quac</strong></span> <span class='ocrx_word' id='word_1_67' title='bbox 600 2294 641 2359; x_wconf 78' lang='lat' dir='ltr'><strong>eit</strong></span> <span class='ocrx_word' id='word_1_68' title='bbox 662 2295 756 2358; x_wconf 89' lang='lat' dir='ltr'><strong>tellus</strong></span> <span class='ocrx_word' id='word_1_69' title='bbox 777 2293 963 2376; x_wconf 88' lang='lat' dir='ltr'><strong>habitanda,</strong></span> <span class='ocrx_word' id='word_1_70' title='bbox 984 2291 1131 2378; x_wconf 87' lang='lat' dir='ltr'><strong>requirit.</strong></span> 
     </span>
    </p>

    <p class='ocr_par' dir='ltr' id='par_1_9' title="bbox 257 2375 1369 2549">
     <span class='ocr_line' id='line_1_15' title="bbox 258 2375 1369 2459; baseline -0.001 -20"><span class='ocrx_word' id='word_1_71' title='bbox 258 2375 351 2458; x_wconf 86' lang='lat' dir='ltr'><strong>„Bos</strong></span> <span class='ocrx_word' id='word_1_72' title='bbox 374 2377 465 2440; x_wconf 86' lang='lat' dir='ltr'><strong>tibi“</strong></span> <span class='ocrx_word' id='word_1_73' title='bbox 487 2377 638 2442; x_wconf 89' lang='lat' dir='ltr'><strong>Phoebus</strong></span> <span class='ocrx_word' id='word_1_74' title='bbox 661 2378 704 2442; x_wconf 92' lang='lat' dir='ltr'><strong>ait</strong></span> <span class='ocrx_word' id='word_1_75' title='bbox 726 2378 829 2459; x_wconf 83' lang='lat' dir='ltr'><strong>„solis</strong></span> <span class='ocrx_word' id='word_1_76' title='bbox 852 2394 999 2443; x_wconf 78' lang='lat' dir='ltr'><strong>occurret</strong></span> <span class='ocrx_word' id='word_1_77' title='bbox 1020 2377 1055 2440; x_wconf 91' lang='lat' dir='ltr'><strong>in</strong></span> <span class='ocrx_word' id='word_1_78' title='bbox 1077 2375 1176 2457; x_wconf 88' lang='lat' dir='ltr'><strong>arvis,</strong></span> <span class='ocrx_word' id='word_1_79' title='bbox 1326 2384 1369 2439; x_wconf 83' lang='lat' dir='ltr'><strong>to</strong></span> 
     </span>
     <span class='ocr_line' id='line_1_16' title="bbox 257 2458 1149 2549; baseline 0 -24"><span class='ocrx_word' id='word_1_80' title='bbox 257 2458 532 2547; x_wconf 87' lang='lat' dir='ltr'><strong>„Nullumpassa</strong></span> <span class='ocrx_word' id='word_1_81' title='bbox 553 2460 667 2549; x_wconf 82' lang='lat' dir='ltr'><strong>jugum</strong></span> <span class='ocrx_word' id='word_1_82' title='bbox 688 2462 843 2548; x_wconf 90' lang='lat' dir='ltr'><strong>curvique</strong></span> <span class='ocrx_word' id='word_1_83' title='bbox 864 2460 1016 2528; x_wconf 87' lang='lat' dir='ltr'><strong>immunis</strong></span> <span class='ocrx_word' id='word_1_84' title='bbox 1039 2459 1149 2525; x_wconf 83' lang='lat' dir='ltr'><strong>aratri.</strong></span> 
     </span>
    </p>

    <p class='ocr_par' dir='ltr' id='par_1_10' title="bbox 256 2544 1137 2716">
     <span class='ocr_line' id='line_1_17' title="bbox 256 2544 1137 2631; baseline -0.001 -23"><span class='ocrx_word' id='word_1_85' title='bbox 256 2544 330 2608; x_wconf 88' lang='lat' dir='ltr'><strong>Hac</strong></span> <span class='ocrx_word' id='word_1_86' title='bbox 348 2544 428 2607; x_wconf 89' lang='lat' dir='ltr'><strong>duce</strong></span> <span class='ocrx_word' id='word_1_87' title='bbox 450 2568 545 2630; x_wconf 89' lang='lat' dir='ltr'><strong>carpe</strong></span> <span class='ocrx_word' id='word_1_88' title='bbox 566 2545 636 2610; x_wconf 88' lang='lat' dir='ltr'><strong>vias</strong></span> <span class='ocrx_word' id='word_1_89' title='bbox 660 2562 701 2627; x_wconf 88' lang='lat' dir='ltr'><strong>et,</strong></span> <span class='ocrx_word' id='word_1_90' title='bbox 725 2571 787 2631; x_wconf 90' lang='lat' dir='ltr'><strong>qua</strong></span> <span class='ocrx_word' id='word_1_91' title='bbox 809 2546 1005 2631; x_wconf 89' lang='lat' dir='ltr'><strong>requieverit</strong></span> <span class='ocrx_word' id='word_1_92' title='bbox 1025 2547 1137 2627; x_wconf 84' lang='lat' dir='ltr'><strong>herba,</strong></span> 
     </span>
     <span class='ocr_line' id='line_1_18' title="bbox 256 2627 1084 2716; baseline 0.002 -24"><span class='ocrx_word' id='word_1_93' title='bbox 256 2627 387 2692; x_wconf 89' lang='lat' dir='ltr'><strong>Moenia</strong></span> <span class='ocrx_word' id='word_1_94' title='bbox 408 2629 460 2693; x_wconf 86' lang='lat' dir='ltr'><strong>fac</strong></span> <span class='ocrx_word' id='word_1_95' title='bbox 481 2629 611 2710; x_wconf 79' lang='lat' dir='ltr'><strong>candae,</strong></span> <span class='ocrx_word' id='word_1_96' title='bbox 634 2628 830 2716; x_wconf 86' lang='lat' dir='ltr'><strong>Boeotiaque</strong></span> <span class='ocrx_word' id='word_1_97' title='bbox 850 2632 907 2696; x_wconf 91' lang='lat' dir='ltr'><strong>illa</strong></span> <span class='ocrx_word' id='word_1_98' title='bbox 928 2634 1084 2697; x_wconf 91' lang='lat' dir='ltr'><strong>vocato.“</strong></span> 
     </span>
    </p>

    <p class='ocr_par' dir='ltr' id='par_1_11' title="bbox 256 2710 1117 2781">
     <span class='ocr_line' id='line_1_19' title="bbox 256 2710 1117 2781; baseline 0.005 -6"><span class='ocrx_word' id='word_1_99' title='bbox 256 2710 327 2776; x_wconf 89' lang='lat' dir='ltr'><strong>Vix</strong></span> <span class='ocrx_word' id='word_1_100' title='bbox 348 2712 430 2777; x_wconf 90' lang='lat' dir='ltr'><strong>bene</strong></span> <span class='ocrx_word' id='word_1_101' title='bbox 453 2710 593 2780; x_wconf 81' lang='lat' dir='ltr'><strong>Castalio</strong></span> <span class='ocrx_word' id='word_1_102' title='bbox 616 2712 757 2780; x_wconf 77' lang='lat' dir='ltr'><strong>Cadmus</strong></span> <span class='ocrx_word' id='word_1_103' title='bbox 778 2717 984 2781; x_wconf 89' lang='lat' dir='ltr'><strong>descenderat</strong></span> <span class='ocrx_word' id='word_1_104' title='bbox 1005 2730 1117 2780; x_wconf 78' lang='lat' dir='ltr'><strong>antrat</strong></span> 
     </span>
    </p>
   </div>
   <div class='ocr_carea' id='block_1_7' title="bbox 162 2897 1365 3730">
    <p class='ocr_par' dir='ltr' id='par_1_12' title="bbox 162 2897 1365 3730">
     <span class='ocr_line' id='line_1_20' title="bbox 207 2897 1365 2968; baseline 0.003 -18"><span class='ocrx_word' id='word_1_105' title='bbox 207 2899 232 2950; x_wconf 92' lang='grc'><strong>1.</strong></span> <span class='ocrx_word' id='word_1_106' title='bbox 258 2897 373 2950; x_wconf 75' lang='lat' dir='ltr'><strong>Cadmus</strong></span> <span class='ocrx_word' id='word_1_107' title='bbox 390 2899 468 2962; x_wconf 79' lang='lat' dir='ltr'><strong>filius</strong></span> <span class='ocrx_word' id='word_1_108' title='bbox 485 2900 615 2968; x_wconf 71' lang='lat' dir='ltr'><strong>Agenor-ie</strong></span> <span class='ocrx_word' id='word_1_109' title='bbox 635 2901 744 2954; x_wconf 78' lang='lat' dir='ltr'><strong>Phoeni·</strong></span> <span class='ocrx_word' id='word_1_110' title='bbox 786 2918 832 2967; x_wconf 90' lang='lat' dir='ltr'><strong>quo</strong></span> <span class='ocrx_word' id='word_1_111' title='bbox 840 2901 936 2967; x_wconf 87' lang='lat' dir='ltr'><strong>Jupiter</strong></span> <span class='ocrx_word' id='word_1_112' title='bbox 949 2907 1021 2954; x_wconf 84' lang='lat' dir='ltr'><strong>natus</strong></span> <span class='ocrx_word' id='word_1_113' title='bbox 1034 2917 1090 2952; x_wconf 88' lang='lat' dir='ltr'><strong>csse</strong></span> <span class='ocrx_word' id='word_1_114' title='bbox 1102 2900 1217 2961; x_wconf 88' lang='lat' dir='ltr'><strong>traditur,</strong></span> <span class='ocrx_word' id='word_1_115' title='bbox 1226 2899 1294 2949; x_wconf 91' lang='lat' dir='ltr'><strong>unde</strong></span> <span class='ocrx_word' id='word_1_116' title='bbox 1307 2901 1365 2966; x_wconf 78' lang='lat' dir='ltr'><strong>ipse</strong></span> 
     </span>
     <span class='ocr_line' id='line_1_21' title="bbox 170 2967 1363 3038; baseline 0.003 -19"><span class='ocrx_word' id='word_1_117' title='bbox 170 2985 230 3020; x_wconf 88' lang='lat' dir='ltr'><strong>cum</strong></span> <span class='ocrx_word' id='word_1_118' title='bbox 247 2967 319 3035; x_wconf 79' lang='lat' dir='ltr'><strong>regie</strong></span> <span class='ocrx_word' id='word_1_119' title='bbox 337 2986 354 3019; x_wconf 89' lang='lat' dir='ltr'><strong>a</strong></span> <span class='ocrx_word' id='word_1_120' title='bbox 368 2978 448 3035; x_wconf 84' lang='lat' dir='ltr'><strong>patre</strong></span> <span class='ocrx_word' id='word_1_121' title='bbox 467 2986 546 3037; x_wconf 84' lang='lat' dir='ltr'><strong>quum</strong></span> <span class='ocrx_word' id='word_1_122' title='bbox 565 2973 602 3022; x_wconf 89' lang='lat' dir='ltr'><strong>ad</strong></span> <span class='ocrx_word' id='word_1_123' title='bbox 617 2987 742 3038; x_wconf 82' lang='lat' dir='ltr'><strong>quaeren-</strong></span> <span class='ocrx_word' id='word_1_124' title='bbox 783 2970 912 3023; x_wconf 81' lang='lat' dir='ltr'><strong>Dictaeae</strong></span> <span class='ocrx_word' id='word_1_125' title='bbox 930 2979 1042 3022; x_wconf 87' lang='lat' dir='ltr'><strong>vocatur.</strong></span> <span class='ocrx_word' id='word_1_126' title='bbox 1068 2998 1103 3010; x_wconf 91' lang='lat'>-</span> <span class='ocrx_word' id='word_1_127' title='bbox 1127 2970 1149 3020; x_wconf 97' lang='lat' dir='ltr'><strong>ll</strong></span> <span class='ocrx_word' id='word_1_128' title='bbox 1162 2968 1253 3020; x_wconf 85' lang='lat' dir='ltr'><strong>Medic.</strong></span> <span class='ocrx_word' id='word_1_129' title='bbox 1274 2978 1302 3020; x_wconf 90' lang='lat' dir='ltr'><strong>et</strong></span> <span class='ocrx_word' id='word_1_130' title='bbox 1316 2973 1363 3022; x_wconf 85' lang='lat' dir='ltr'><strong>ed.</strong></span> 
     </span>
     <span class='ocr_line' id='line_1_22' title="bbox 169 3037 1363 3105; baseline 0.001 -15"><span class='ocrx_word' id='word_1_131' title='bbox 169 3039 231 3090; x_wconf 83' lang='lat' dir='ltr'><strong>dam</strong></span> <span class='ocrx_word' id='word_1_132' title='bbox 243 3037 367 3103; x_wconf 84' lang='lat' dir='ltr'><strong>Europen</strong></span> <span class='ocrx_word' id='word_1_133' title='bbox 378 3055 490 3090; x_wconf 81' lang='lat' dir='ltr'><strong>eororam</strong></span> <span class='ocrx_word' id='word_1_134' title='bbox 501 3041 595 3092; x_wconf 77' lang='lat' dir='ltr'><strong>mt&#39;eeue</strong></span> <span class='ocrx_word' id='word_1_135' title='bbox 613 3049 681 3094; x_wconf 79' lang='lat' dir='ltr'><strong>ercet</strong></span> <span class='ocrx_word' id='word_1_136' title='bbox 698 3058 743 3092; x_wconf 84' lang='lat' dir='ltr'><strong>ne·</strong></span> <span class='ocrx_word' id='word_1_137' title='bbox 784 3057 822 3105; x_wconf 86' lang='lat' dir='ltr'><strong>pr.</strong></span> <span class='ocrx_word' id='word_1_138' title='bbox 842 3058 919 3091; x_wconf 83' lang='lat' dir='ltr'><strong>arva.</strong></span> <span class='ocrx_word' id='word_1_139' title='bbox 951 3040 1026 3091; x_wconf 85' lang='lat' dir='ltr'><strong>Goth.</strong></span> <span class='ocrx_word' id='word_1_140' title='bbox 1046 3041 1084 3102; x_wconf 93' lang='grc'><strong>2.,</strong></span> <span class='ocrx_word' id='word_1_141' title='bbox 1111 3037 1201 3100; x_wconf 73' lang='lat' dir='ltr'><strong>Rhea,</strong></span> <span class='ocrx_word' id='word_1_142' title='bbox 1227 3037 1299 3104; x_wconf 87' lang='lat' dir='ltr'><strong>Lips.</strong></span> <span class='ocrx_word' id='word_1_143' title='bbox 1321 3041 1363 3105; x_wconf 97' lang='grc'><strong>1.,</strong></span> 
     </span>
     <span class='ocr_line' id='line_1_23' title="bbox 169 3108 1219 3178; baseline 0.001 -21"><span class='ocrx_word' id='word_1_144' title='bbox 169 3116 362 3176; x_wconf 78' lang='lat' dir='ltr'><strong>qraepererrato</strong></span> <span class='ocrx_word' id='word_1_145' title='bbox 375 3116 504 3159; x_wconf 72' lang='lat' dir='ltr'><strong>terranem</strong></span> <span class='ocrx_word' id='word_1_146' title='bbox 523 3112 582 3161; x_wconf 80' lang='lat' dir='ltr'><strong>arbe</strong></span> <span class='ocrx_word' id='word_1_147' title='bbox 599 3128 683 3178; x_wconf 80' lang='lat' dir='ltr'><strong>aeque</strong></span> <span class='ocrx_word' id='word_1_148' title='bbox 701 3111 741 3161; x_wconf 82' lang='lat' dir='ltr'><strong>in·</strong></span> <span class='ocrx_word' id='word_1_149' title='bbox 783 3108 855 3160; x_wconf 89' lang='lat' dir='ltr'><strong>Vrut.</strong></span> <span class='ocrx_word' id='word_1_150' title='bbox 870 3117 897 3160; x_wconf 90' lang='lat' dir='ltr'><strong>et</strong></span> <span class='ocrx_word' id='word_1_151' title='bbox 908 3109 1006 3174; x_wconf 86' lang='lat' dir='ltr'><strong>qnidam</strong></span> <span class='ocrx_word' id='word_1_152' title='bbox 1019 3109 1114 3158; x_wconf 89' lang='lat' dir='ltr'><strong>lleinsii</strong></span> <span class='ocrx_word' id='word_1_153' title='bbox 1125 3124 1219 3175; x_wconf 80' lang='lat' dir='ltr'><strong>regua.</strong></span> 
     </span>
     <span class='ocr_line' id='line_1_24' title="bbox 169 3177 1364 3247; baseline -0.001 -19"><span class='ocrx_word' id='word_1_154' title='bbox 169 3177 287 3242; x_wconf 74' lang='lat' dir='ltr'><strong>uenisset,</strong></span> <span class='ocrx_word' id='word_1_155' title='bbox 302 3179 393 3243; x_wconf 76' lang='lat' dir='ltr'><strong>patrie</strong></span> <span class='ocrx_word' id='word_1_156' title='bbox 405 3180 472 3229; x_wconf 83' lang='lat' dir='ltr'><strong>iram</strong></span> <span class='ocrx_word' id='word_1_157' title='bbox 484 3179 576 3230; x_wconf 81' lang='lat' dir='ltr'><strong>timeae</strong></span> <span class='ocrx_word' id='word_1_158' title='bbox 588 3180 616 3231; x_wconf 83' lang='lat' dir='ltr'><strong>ia</strong></span> <span class='ocrx_word' id='word_1_159' title='bbox 630 3181 741 3232; x_wconf 79' lang='lat' dir='ltr'><strong>Pbaeai-</strong></span> <span class='ocrx_word' id='word_1_160' title='bbox 819 3180 845 3229; x_wconf 94' lang='grc'><strong>3.</strong></span> <span class='ocrx_word' id='word_1_161' title='bbox 863 3181 985 3247; x_wconf 71' lang='lat' dir='ltr'><strong>ignarus,</strong></span> <span class='ocrx_word' id='word_1_162' title='bbox 1005 3194 1042 3229; x_wconf 89' lang='lat' dir='ltr'><strong>sc.</strong></span> <span class='ocrx_word' id='word_1_163' title='bbox 1056 3178 1132 3227; x_wconf 87' lang='lat' dir='ltr'><strong>filiam</strong></span> <span class='ocrx_word' id='word_1_164' title='bbox 1145 3193 1160 3227; x_wconf 88' lang='lat' dir='ltr'><strong>a</strong></span> <span class='ocrx_word' id='word_1_165' title='bbox 1171 3177 1234 3227; x_wconf 87' lang='lat' dir='ltr'><strong>Jove</strong></span> <span class='ocrx_word' id='word_1_166' title='bbox 1244 3189 1304 3225; x_wconf 81' lang='lat' dir='ltr'><strong>csse</strong></span> <span class='ocrx_word' id='word_1_167' title='bbox 1316 3192 1364 3227; x_wconf 78' lang='lat' dir='ltr'><strong>re-</strong></span> 
     </span>
     <span class='ocr_line' id='line_1_25' title="bbox 170 3245 1363 3314; baseline 0.001 -18"><span class='ocrx_word' id='word_1_168' title='bbox 170 3248 237 3297; x_wconf 87' lang='lat' dir='ltr'><strong>eiam</strong></span> <span class='ocrx_word' id='word_1_169' title='bbox 253 3262 307 3297; x_wconf 83' lang='lat' dir='ltr'><strong>nou</strong></span> <span class='ocrx_word' id='word_1_170' title='bbox 318 3249 403 3298; x_wconf 80' lang='lat' dir='ltr'><strong>redire</strong></span> <span class='ocrx_word' id='word_1_171' title='bbox 414 3249 563 3314; x_wconf 76' lang='lat' dir='ltr'><strong>constituit,</strong></span> <span class='ocrx_word' id='word_1_172' title='bbox 583 3251 630 3300; x_wconf 78' lang='lat' dir='ltr'><strong>scd</strong></span> <span class='ocrx_word' id='word_1_173' title='bbox 641 3249 744 3300; x_wconf 79' lang='lat' dir='ltr'><strong>oraculi</strong></span> <span class='ocrx_word' id='word_1_174' title='bbox 782 3255 858 3314; x_wconf 85' lang='lat' dir='ltr'><strong>ptam.</strong></span> <span class='ocrx_word' id='word_1_175' title='bbox 896 3249 970 3299; x_wconf 80' lang='lat' dir='ltr'><strong>Cani.</strong></span> <span class='ocrx_word' id='word_1_176' title='bbox 990 3263 1015 3298; x_wconf 94' lang='lat' dir='ltr'><strong>v.</strong></span> <span class='ocrx_word' id='word_1_177' title='bbox 1035 3248 1097 3302; x_wconf 93' lang='grc'><strong>243.</strong></span> <span class='ocrx_word' id='word_1_178' title='bbox 1117 3253 1143 3296; x_wconf 81' lang='lat' dir='ltr'><strong>et</strong></span> <span class='ocrx_word' id='word_1_179' title='bbox 1160 3245 1179 3310; x_wconf 90' lang='lat' dir='ltr'><strong>l,</strong></span> <span class='ocrx_word' id='word_1_180' title='bbox 1200 3245 1260 3295; x_wconf 76' lang='lat'><strong>658.</strong></span> <span class='ocrx_word' id='word_1_181' title='bbox 1280 3272 1317 3285; x_wconf 97' lang='lat'><em>-</em></span> <span class='ocrx_word' id='word_1_182' title='bbox 1338 3247 1363 3297; x_wconf 97' lang='lat' dir='ltr'><strong>ll</strong></span> 
     </span>
     <span class='ocr_line' id='line_1_26' title="bbox 168 3314 1362 3386; baseline 0.002 -22"><span class='ocrx_word' id='word_1_183' title='bbox 168 3315 330 3380; x_wconf 74' lang='lat' dir='ltr'><strong>reepaueoia</strong></span> <span class='ocrx_word' id='word_1_184' title='bbox 344 3318 451 3368; x_wconf 81' lang='lat' dir='ltr'><strong>Boeotia</strong></span> <span class='ocrx_word' id='word_1_185' title='bbox 463 3319 547 3369; x_wconf 68' lang='lat' dir='ltr'><strong>sedem</strong></span> <span class='ocrx_word' id='word_1_186' title='bbox 552 3319 632 3384; x_wconf 78' lang='lat' dir='ltr'><strong>fixit,</strong></span> <span class='ocrx_word' id='word_1_187' title='bbox 657 3320 743 3386; x_wconf 78' lang='lat' dir='ltr'><strong>ibique</strong></span> <span class='ocrx_word' id='word_1_188' title='bbox 784 3317 892 3380; x_wconf 74' lang='lat' dir='ltr'><strong>Rerum,</strong></span> <span class='ocrx_word' id='word_1_189' title='bbox 908 3314 1272 3379; x_wconf 84' lang='lat' dir='ltr'><strong>omnesCiof.,llhen.,Vrat.‚</strong></span> <span class='ocrx_word' id='word_1_190' title='bbox 1286 3316 1362 3366; x_wconf 81' lang='lat' dir='ltr'><strong>multi</strong></span> 
     </span>
     <span class='ocr_line' id='line_1_27' title="bbox 168 3385 1360 3454; baseline 0.002 -19"><span class='ocrx_word' id='word_1_191' title='bbox 168 3392 311 3451; x_wconf 75' lang='lat' dir='ltr'><strong>carpentem</strong></span> <span class='ocrx_word' id='word_1_192' title='bbox 328 3386 443 3453; x_wconf 79' lang='lat' dir='ltr'><strong>ingentia</strong></span> <span class='ocrx_word' id='word_1_193' title='bbox 459 3389 651 3454; x_wconf 77' lang='lat' dir='ltr'><strong>maguitudr’nie</strong></span> <span class='ocrx_word' id='word_1_194' title='bbox 675 3389 742 3438; x_wconf 89' lang='lat' dir='ltr'><strong>acci·</strong></span> <span class='ocrx_word' id='word_1_195' title='bbox 784 3386 871 3436; x_wconf 89' lang='lat' dir='ltr'><strong>Heius.</strong></span> <span class='ocrx_word' id='word_1_196' title='bbox 885 3394 911 3436; x_wconf 93' lang='lat' dir='ltr'><strong>ct</strong></span> <span class='ocrx_word' id='word_1_197' title='bbox 928 3394 991 3437; x_wconf 88' lang='lat' dir='ltr'><strong>vett.</strong></span> <span class='ocrx_word' id='word_1_198' title='bbox 1005 3387 1062 3436; x_wconf 90' lang='lat' dir='ltr'><strong>edd.</strong></span> <span class='ocrx_word' id='word_1_199' title='bbox 1080 3393 1189 3453; x_wconf 82' lang='lat' dir='ltr'><strong>raptam</strong></span> <span class='ocrx_word' id='word_1_200' title='bbox 1201 3399 1230 3450; x_wconf 87' lang='lat' dir='ltr'><strong>p.</strong></span> <span class='ocrx_word' id='word_1_201' title='bbox 1246 3385 1360 3437; x_wconf 71' lang='lat' dir='ltr'><strong>Cadme.</strong></span> 
     </span>
     <span class='ocr_line' id='line_1_28' title="bbox 168 3454 1364 3520; baseline 0 -14"><span class='ocrx_word' id='word_1_202' title='bbox 168 3456 224 3507; x_wconf 78' lang='lat' dir='ltr'><strong>dit:</strong></span> <span class='ocrx_word' id='word_1_203' title='bbox 237 3455 314 3517; x_wconf 77' lang='lat' dir='ltr'><strong>cujac</strong></span> <span class='ocrx_word' id='word_1_204' title='bbox 325 3456 445 3508; x_wconf 73' lang='lat' dir='ltr'><strong>dentibus</strong></span> <span class='ocrx_word' id='word_1_205' title='bbox 456 3460 523 3508; x_wconf 78' lang='lat' dir='ltr'><strong>satie</strong></span> <span class='ocrx_word' id='word_1_206' title='bbox 536 3459 639 3509; x_wconf 83' lang='lat' dir='ltr'><strong>armati</strong></span> <span class='ocrx_word' id='word_1_207' title='bbox 647 3459 742 3509; x_wconf 78' lang='lat' dir='ltr'><strong>militae</strong></span> <span class='ocrx_word' id='word_1_208' title='bbox 785 3455 841 3506; x_wconf 85' lang='lat' dir='ltr'><strong>Gal.</strong></span> <span class='ocrx_word' id='word_1_209' title='bbox 863 3463 889 3505; x_wconf 83' lang='lat' dir='ltr'><strong>et</strong></span> <span class='ocrx_word' id='word_1_210' title='bbox 908 3457 1017 3506; x_wconf 86' lang='lat' dir='ltr'><strong>nonnulli</strong></span> <span class='ocrx_word' id='word_1_211' title='bbox 1036 3455 1123 3505; x_wconf 86' lang='lat' dir='ltr'><strong>Heius.</strong></span> <span class='ocrx_word' id='word_1_212' title='bbox 1144 3454 1243 3505; x_wconf 82' lang='lat' dir='ltr'><strong>Cadmo</strong></span> <span class='ocrx_word' id='word_1_213' title='bbox 1257 3470 1290 3520; x_wconf 79' lang='lat' dir='ltr'><strong>p.</strong></span> <span class='ocrx_word' id='word_1_214' title='bbox 1312 3471 1364 3506; x_wconf 77' lang='lat' dir='ltr'><strong>ra·</strong></span> 
     </span>
     <span class='ocr_line' id='line_1_29' title="bbox 162 3521 1359 3593; baseline -0.002 -18"><span class='ocrx_word' id='word_1_215' title='bbox 162 3526 333 3592; x_wconf 80' lang='lat' dir='ltr'><strong>prodierunt,</strong></span> <span class='ocrx_word' id='word_1_216' title='bbox 347 3527 394 3593; x_wconf 81' lang='lat' dir='ltr'><strong>qui</strong></span> <span class='ocrx_word' id='word_1_217' title='bbox 405 3535 499 3576; x_wconf 85' lang='lat' dir='ltr'><strong>mutua</strong></span> <span class='ocrx_word' id='word_1_218' title='bbox 511 3526 589 3576; x_wconf 81' lang='lat' dir='ltr'><strong>caede</strong></span> <span class='ocrx_word' id='word_1_219' title='bbox 596 3527 739 3593; x_wconf 81' lang='lat' dir='ltr'><strong>perierunt,</strong></span> <span class='ocrx_word' id='word_1_220' title='bbox 778 3532 866 3593; x_wconf 81' lang='lat' dir='ltr'><strong>ptam.</strong></span> <span class='ocrx_word' id='word_1_221' title='bbox 898 3524 994 3586; x_wconf 86' lang='lat' dir='ltr'><strong>Berol.‚</strong></span> <span class='ocrx_word' id='word_1_222' title='bbox 1009 3524 1084 3575; x_wconf 82' lang='lat' dir='ltr'><strong>Goth.</strong></span> <span class='ocrx_word' id='word_1_223' title='bbox 1098 3526 1136 3585; x_wconf 87' lang='grc'><strong>2.,</strong></span> <span class='ocrx_word' id='word_1_224' title='bbox 1150 3522 1220 3588; x_wconf 88' lang='lat' dir='ltr'><strong>Lips.</strong></span> <span class='ocrx_word' id='word_1_225' title='bbox 1234 3523 1274 3587; x_wconf 86' lang='grc'><strong>2.,</strong></span> <span class='ocrx_word' id='word_1_226' title='bbox 1295 3521 1359 3588; x_wconf 80' lang='lat' dir='ltr'><strong>Upa.</strong></span> 
     </span>
     <span class='ocr_line' id='line_1_30' title="bbox 168 3593 1358 3663; baseline -0.003 -17"><span class='ocrx_word' id='word_1_227' title='bbox 168 3597 283 3663; x_wconf 82' lang='lat' dir='ltr'><strong>quiaque</strong></span> <span class='ocrx_word' id='word_1_228' title='bbox 301 3597 498 3662; x_wconf 74' lang='lat' dir='ltr'><strong>superstitibus,</strong></span> <span class='ocrx_word' id='word_1_229' title='bbox 519 3596 566 3662; x_wconf 82' lang='lat' dir='ltr'><strong>qui</strong></span> <span class='ocrx_word' id='word_1_230' title='bbox 582 3597 608 3645; x_wconf 85' lang='lat' dir='ltr'><strong>ei</strong></span> <span class='ocrx_word' id='word_1_231' title='bbox 629 3596 657 3646; x_wconf 85' lang='lat' dir='ltr'><strong>iu</strong></span> <span class='ocrx_word' id='word_1_232' title='bbox 680 3614 740 3646; x_wconf 84' lang='lat' dir='ltr'><strong>con·</strong></span> <span class='ocrx_word' id='word_1_233' title='bbox 783 3601 809 3644; x_wconf 86' lang='lat' dir='ltr'><strong>ct</strong></span> <span class='ocrx_word' id='word_1_234' title='bbox 833 3594 943 3643; x_wconf 88' lang='lat' dir='ltr'><strong>nonnulli</strong></span> <span class='ocrx_word' id='word_1_235' title='bbox 968 3594 1055 3643; x_wconf 90' lang='lat' dir='ltr'><strong>lleins.</strong></span> <span class='ocrx_word' id='word_1_236' title='bbox 1083 3593 1181 3644; x_wconf 86' lang='lat' dir='ltr'><strong>Cadmo</strong></span> <span class='ocrx_word' id='word_1_237' title='bbox 1201 3607 1230 3658; x_wconf 84' lang='lat' dir='ltr'><strong>p.</strong></span> <span class='ocrx_word' id='word_1_238' title='bbox 1251 3599 1358 3647; x_wconf 70' lang='lat' dir='ltr'><strong>natm.</strong></span> 
     </span>
     <span class='ocr_line' id='line_1_31' title="bbox 167 3661 1359 3730; baseline -0.003 -14"><span class='ocrx_word' id='word_1_239' title='bbox 167 3667 258 3717; x_wconf 69' lang='lat' dir='ltr'><strong>amau</strong></span> <span class='ocrx_word' id='word_1_240' title='bbox 273 3665 368 3717; x_wconf 78' lang='lat' dir='ltr'><strong>Tbebie</strong></span> <span class='ocrx_word' id='word_1_241' title='bbox 380 3666 645 3728; x_wconf 77' lang='lat' dir='ltr'><strong>adjutorcesucrunt.</strong></span> <span class='ocrx_word' id='word_1_242' title='bbox 664 3665 740 3730; x_wconf 79' lang='lat' dir='ltr'><strong>Apol·</strong></span> <span class='ocrx_word' id='word_1_243' title='bbox 782 3661 850 3715; x_wconf 89' lang='lat' dir='ltr'><strong>Mon.</strong></span> <span class='ocrx_word' id='word_1_244' title='bbox 865 3664 973 3712; x_wconf 84' lang='lat' dir='ltr'><strong>etmulti</strong></span> <span class='ocrx_word' id='word_1_245' title='bbox 986 3663 1072 3713; x_wconf 89' lang='lat' dir='ltr'><strong>Heius.</strong></span> <span class='ocrx_word' id='word_1_246' title='bbox 1091 3670 1185 3714; x_wconf 85' lang='lat' dir='ltr'><strong>natam</strong></span> <span class='ocrx_word' id='word_1_247' title='bbox 1199 3677 1230 3726; x_wconf 86' lang='lat' dir='ltr'><strong>p.</strong></span> <span class='ocrx_word' id='word_1_248' title='bbox 1246 3662 1359 3713; x_wconf 73' lang='lat' dir='ltr'><strong>Gadara.</strong></span> 
     </span>
    </p>
   </div>
   <div class='ocr_carea' id='block_1_8' title="bbox 57 3729 1360 3802">
    <p class='ocr_par' dir='ltr' id='par_1_13' title="bbox 57 3729 1360 3802">
     <span class='ocr_line' id='line_1_32' title="bbox 57 3729 1360 3802; baseline -0.002 -20"><span class='ocrx_word' id='word_1_249' title='bbox 57 3764 64 3777; x_wconf 83' lang='lat'><em>·</em></span> <span class='ocrx_word' id='word_1_250' title='bbox 168 3735 219 3783; x_wconf 89' lang='lat' dir='ltr'><strong>lod.</strong></span> <span class='ocrx_word' id='word_1_251' title='bbox 234 3734 318 3797; x_wconf 72' lang='lat' dir='ltr'><strong>lll.l.</strong></span> <span class='ocrx_word' id='word_1_252' title='bbox 333 3742 359 3785; x_wconf 91' lang='lat' dir='ltr'><strong>et</strong></span> <span class='ocrx_word' id='word_1_253' title='bbox 370 3737 396 3785; x_wconf 84' lang='lat'><strong>4.</strong></span> <span class='ocrx_word' id='word_1_254' title='bbox 423 3735 487 3802; x_wconf 72' lang='lat' dir='ltr'><strong>Hyg.</strong></span> <span class='ocrx_word' id='word_1_255' title='bbox 502 3734 531 3786; x_wconf 86' lang='lat' dir='ltr'><strong>F.</strong></span> <span class='ocrx_word' id='word_1_256' title='bbox 548 3734 606 3784; x_wconf 82' lang='lat'><strong>178.</strong></span> <span class='ocrx_word' id='word_1_257' title='bbox 631 3734 739 3784; x_wconf 85' lang='lat' dir='ltr'><strong>Pausan.</strong></span> <span class='ocrx_word' id='word_1_258' title='bbox 819 3733 843 3782; x_wconf 87' lang='lat'><strong>5.</strong></span> <span class='ocrx_word' id='word_1_259' title='bbox 859 3733 1092 3795; x_wconf 76' lang='lat' dir='ltr'><strong>sacto-codem.</strong></span> <span class='ocrx_word' id='word_1_260' title='bbox 1123 3729 1360 3793; x_wconf 72' lang='grc'><strong>(10111.7111,476.</strong></span> 
     </span>
    </p>
   </div>
   <div class='ocr_carea' id='block_1_9' title="bbox 153 3799 1375 4491">
    <p class='ocr_par' dir='ltr' id='par_1_14' title="bbox 153 3799 1375 4491">
     <span class='ocr_line' id='line_1_33' title="bbox 168 3799 1359 3870; baseline 0.001 -21"><span class='ocrx_word' id='word_1_261' title='bbox 168 3801 255 3850; x_wconf 79' lang='lat' dir='ltr'><strong>boeot.</strong></span> <span class='ocrx_word' id='word_1_262' title='bbox 269 3817 294 3866; x_wconf 91' lang='lat' dir='ltr'><strong>p.</strong></span> <span class='ocrx_word' id='word_1_263' title='bbox 309 3802 369 3853; x_wconf 91' lang='grc'><strong>719.</strong></span> <span class='ocrx_word' id='word_1_264' title='bbox 384 3811 410 3853; x_wconf 90' lang='lat' dir='ltr'><strong>et</strong></span> <span class='ocrx_word' id='word_1_265' title='bbox 422 3804 482 3854; x_wconf 83' lang='lat'><strong>733.</strong></span> <span class='ocrx_word' id='word_1_266' title='bbox 507 3803 623 3870; x_wconf 85' lang='lat' dir='ltr'><strong>Apollon.</strong></span> <span class='ocrx_word' id='word_1_267' title='bbox 638 3803 738 3867; x_wconf 81' lang='lat' dir='ltr'><strong>Rh.111‚</strong></span> <span class='ocrx_word' id='word_1_268' title='bbox 783 3799 829 3862; x_wconf 85' lang='lat' dir='ltr'><strong>lx,</strong></span> <span class='ocrx_word' id='word_1_269' title='bbox 844 3802 905 3852; x_wconf 78' lang='lat'><strong>408.</strong></span> <span class='ocrx_word' id='word_1_270' title='bbox 919 3826 953 3839; x_wconf 91' lang='lat'><strong>-·</strong></span> <span class='ocrx_word' id='word_1_271' title='bbox 967 3800 991 3850; x_wconf 85' lang='lat' dir='ltr'><strong>b.</strong></span> <span class='ocrx_word' id='word_1_272' title='bbox 1001 3803 1089 3868; x_wconf 78' lang='lat' dir='ltr'><strong>possit</strong></span> <span class='ocrx_word' id='word_1_273' title='bbox 1101 3801 1123 3852; x_wconf 95' lang='lat' dir='ltr'><strong>ll</strong></span> <span class='ocrx_word' id='word_1_274' title='bbox 1136 3802 1244 3863; x_wconf 89' lang='lat' dir='ltr'><strong>Bersm.,</strong></span> <span class='ocrx_word' id='word_1_275' title='bbox 1259 3800 1359 3863; x_wconf 86' lang='lat' dir='ltr'><strong>Berol.,</strong></span> 
     </span>
     <span class='ocr_line' id='line_1_34' title="bbox 170 3868 1361 3936; baseline -0.001 -17"><span class='ocrx_word' id='word_1_276' title='bbox 170 3868 246 3920; x_wconf 91' lang='grc'><strong>1179.</strong></span> <span class='ocrx_word' id='word_1_277' title='bbox 261 3877 287 3920; x_wconf 85' lang='lat' dir='ltr'><strong>ct</strong></span> <span class='ocrx_word' id='word_1_278' title='bbox 298 3885 352 3936; x_wconf 86' lang='lat' dir='ltr'><strong>sqq.</strong></span> <span class='ocrx_word' id='word_1_279' title='bbox 784 3870 859 3921; x_wconf 87' lang='lat' dir='ltr'><strong>Goth.</strong></span> <span class='ocrx_word' id='word_1_280' title='bbox 879 3872 906 3924; x_wconf 87' lang='grc'><strong>2.</strong></span> <span class='ocrx_word' id='word_1_281' title='bbox 926 3877 951 3919; x_wconf 87' lang='lat' dir='ltr'><strong>et</strong></span> <span class='ocrx_word' id='word_1_282' title='bbox 971 3871 1070 3935; x_wconf 88' lang='lat' dir='ltr'><strong>plurimi</strong></span> <span class='ocrx_word' id='word_1_283' title='bbox 1087 3870 1175 3920; x_wconf 85' lang='lat' dir='ltr'><strong>Heius.</strong></span> <span class='ocrx_word' id='word_1_284' title='bbox 1200 3893 1235 3905; x_wconf 89' lang='lat'><em>-</em></span> <span class='ocrx_word' id='word_1_285' title='bbox 1260 3868 1361 3934; x_wconf 86' lang='lat' dir='ltr'><strong>Reliqui</strong></span> 
     </span>
     <span class='ocr_line' id='line_1_35' title="bbox 778 3937 1359 4006; baseline 0 -18"><span class='ocrx_word' id='word_1_286' title='bbox 778 3948 877 4006; x_wconf 78' lang='lat' dir='ltr'><strong>peccet,</strong></span> <span class='ocrx_word' id='word_1_287' title='bbox 890 3941 955 4004; x_wconf 88' lang='lat' dir='ltr'><strong>quod</strong></span> <span class='ocrx_word' id='word_1_288' title='bbox 967 3941 1099 4001; x_wconf 79' lang='lat' dir='ltr'><strong>genuinum</strong></span> <span class='ocrx_word' id='word_1_289' title='bbox 1111 3939 1220 3988; x_wconf 85' lang='lat' dir='ltr'><strong>videtur.</strong></span> <span class='ocrx_word' id='word_1_290' title='bbox 1245 3937 1359 4002; x_wconf 82' lang='lat' dir='ltr'><strong>Vid.Vl,</strong></span> 
     </span>
     <span class='ocr_line' id='line_1_36' title="bbox 205 4004 1229 4077; baseline -0.001 -20"><span class='ocrx_word' id='word_1_291' title='bbox 205 4007 229 4057; x_wconf 93' lang='lat' dir='ltr'><strong>l.</strong></span> <span class='ocrx_word' id='word_1_292' title='bbox 247 4004 336 4071; x_wconf 81' lang='lat' dir='ltr'><strong>Deae,</strong></span> <span class='ocrx_word' id='word_1_293' title='bbox 360 4007 468 4074; x_wconf 80' lang='lat' dir='ltr'><strong>Jupiter,</strong></span> <span class='ocrx_word' id='word_1_294' title='bbox 494 4011 535 4075; x_wconf 90' lang='lat' dir='ltr'><strong>qui</strong></span> <span class='ocrx_word' id='word_1_295' title='bbox 553 4011 669 4077; x_wconf 81' lang='lat' dir='ltr'><strong>Europen</strong></span> <span class='ocrx_word' id='word_1_296' title='bbox 693 4009 738 4060; x_wconf 87' lang='lat' dir='ltr'><strong>sub</strong></span> <span class='ocrx_word' id='word_1_297' title='bbox 783 4008 845 4064; x_wconf 88' lang='grc'><strong>421.</strong></span> <span class='ocrx_word' id='word_1_298' title='bbox 864 4037 897 4049; x_wconf 91' lang='grc'>-</span> <span class='ocrx_word' id='word_1_299' title='bbox 911 4012 1000 4070; x_wconf 81' lang='lat' dir='ltr'><strong>sarta.</strong></span> <span class='ocrx_word' id='word_1_300' title='bbox 1016 4009 1074 4059; x_wconf 88' lang='lat' dir='ltr'><strong>Vid.</strong></span> <span class='ocrx_word' id='word_1_301' title='bbox 1089 4009 1120 4058; x_wconf 87' lang='lat' dir='ltr'><strong>ad</strong></span> <span class='ocrx_word' id='word_1_302' title='bbox 1133 4007 1153 4069; x_wconf 88' lang='lat'><strong>1,</strong></span> <span class='ocrx_word' id='word_1_303' title='bbox 1168 4006 1229 4058; x_wconf 77' lang='lat'><strong>606.</strong></span> 
     </span>
     <span class='ocr_line' id='line_1_37' title="bbox 168 4074 1358 4145; baseline 0.001 -20"><span class='ocrx_word' id='word_1_304' title='bbox 168 4075 248 4127; x_wconf 82' lang='lat' dir='ltr'><strong>forma</strong></span> <span class='ocrx_word' id='word_1_305' title='bbox 267 4093 288 4126; x_wconf 92' lang='lat' dir='ltr'><strong>s.</strong></span> <span class='ocrx_word' id='word_1_306' title='bbox 310 4078 426 4145; x_wconf 81' lang='lat' dir='ltr'><strong>imagine</strong></span> <span class='ocrx_word' id='word_1_307' title='bbox 443 4079 556 4141; x_wconf 83' lang='lat' dir='ltr'><strong>fallacie</strong></span> <span class='ocrx_word' id='word_1_308' title='bbox 577 4081 653 4132; x_wconf 86' lang='lat' dir='ltr'><strong>tauri</strong></span> <span class='ocrx_word' id='word_1_309' title='bbox 669 4079 737 4144; x_wconf 89' lang='lat' dir='ltr'><strong>(Vid.</strong></span> <span class='ocrx_word' id='word_1_310' title='bbox 819 4078 860 4129; x_wconf 86' lang='lat'><strong>10.</strong></span> <span class='ocrx_word' id='word_1_311' title='bbox 880 4079 957 4143; x_wconf 75' lang='lat' dir='ltr'><strong>solie,</strong></span> <span class='ocrx_word' id='word_1_312' title='bbox 970 4078 1099 4140; x_wconf 79' lang='lat' dir='ltr'><strong>solitariis,</strong></span> <span class='ocrx_word' id='word_1_313' title='bbox 1114 4077 1230 4126; x_wconf 86' lang='lat' dir='ltr'><strong>desertis.</strong></span> <span class='ocrx_word' id='word_1_314' title='bbox 1249 4075 1309 4128; x_wconf 73' lang='lat' dir='ltr'><strong>Wd.</strong></span> <span class='ocrx_word' id='word_1_315' title='bbox 1325 4074 1358 4140; x_wconf 92' lang='grc'><strong>11,</strong></span> 
     </span>
     <span class='ocr_line' id='line_1_38' title="bbox 167 4145 1375 4214; baseline 0.002 -22"><span class='ocrx_word' id='word_1_316' title='bbox 167 4145 210 4193; x_wconf 86' lang='lat' dir='ltr'><strong>fin.</strong></span> <span class='ocrx_word' id='word_1_317' title='bbox 230 4146 288 4195; x_wconf 85' lang='lat' dir='ltr'><strong>libri</strong></span> <span class='ocrx_word' id='word_1_318' title='bbox 308 4146 353 4212; x_wconf 85' lang='lat' dir='ltr'><strong>ll.)</strong></span> <span class='ocrx_word' id='word_1_319' title='bbox 373 4154 489 4213; x_wconf 83' lang='lat' dir='ltr'><strong>rapuerat</strong></span> <span class='ocrx_word' id='word_1_320' title='bbox 512 4156 538 4198; x_wconf 91' lang='lat' dir='ltr'><strong>et</strong></span> <span class='ocrx_word' id='word_1_321' title='bbox 562 4165 595 4198; x_wconf 82' lang='lat' dir='ltr'><strong>ex</strong></span> <span class='ocrx_word' id='word_1_322' title='bbox 610 4149 672 4199; x_wconf 79' lang='lat' dir='ltr'><strong>Asia</strong></span> <span class='ocrx_word' id='word_1_323' title='bbox 694 4164 740 4214; x_wconf 89' lang='lat' dir='ltr'><strong>per</strong></span> <span class='ocrx_word' id='word_1_324' title='bbox 780 4148 842 4198; x_wconf 88' lang='grc'><strong>489.</strong></span> <span class='ocrx_word' id='word_1_325' title='bbox 868 4148 969 4198; x_wconf 90' lang='lat' dir='ltr'><strong>Plurimi</strong></span> <span class='ocrx_word' id='word_1_326' title='bbox 984 4147 1116 4213; x_wconf 89' lang='lat' dir='ltr'><strong>(.)Heins.</strong></span> <span class='ocrx_word' id='word_1_327' title='bbox 1131 4146 1216 4214; x_wconf 81' lang='lat' dir='ltr'><strong>agris.</strong></span> <span class='ocrx_word' id='word_1_328' title='bbox 1368 4183 1375 4195; x_wconf 81' lang='grc'><strong>.</strong></span> 
     </span>
     <span class='ocr_line' id='line_1_39' title="bbox 166 4214 1360 4284; baseline 0 -20"><span class='ocrx_word' id='word_1_329' title='bbox 166 4216 272 4266; x_wconf 87' lang='lat' dir='ltr'><strong>marein</strong></span> <span class='ocrx_word' id='word_1_330' title='bbox 287 4215 385 4266; x_wconf 86' lang='lat' dir='ltr'><strong>Cretam</strong></span> <span class='ocrx_word' id='word_1_331' title='bbox 398 4225 519 4284; x_wconf 88' lang='lat' dir='ltr'><strong>portarat.</strong></span> <span class='ocrx_word' id='word_1_332' title='bbox 817 4217 859 4268; x_wconf 92' lang='grc'><strong>13.</strong></span> <span class='ocrx_word' id='word_1_333' title='bbox 879 4218 1048 4284; x_wconf 78' lang='lat' dir='ltr'><strong>Boeotiaque.</strong></span> <span class='ocrx_word' id='word_1_334' title='bbox 1080 4215 1176 4267; x_wconf 87' lang='lat' dir='ltr'><strong>Nomen</strong></span> <span class='ocrx_word' id='word_1_335' title='bbox 1189 4215 1294 4265; x_wconf 78' lang='lat' dir='ltr'><strong>boeotia</strong></span> <span class='ocrx_word' id='word_1_336' title='bbox 1311 4214 1360 4278; x_wconf 75' lang='lat' dir='ltr'><strong>igi-</strong></span> 
     </span>
     <span class='ocr_line' id='line_1_40' title="bbox 201 4284 1356 4353; baseline -0.003 -16"><span class='ocrx_word' id='word_1_337' title='bbox 201 4285 227 4337; x_wconf 79' lang='lat'><strong>2.</strong></span> <span class='ocrx_word' id='word_1_338' title='bbox 247 4303 275 4336; x_wconf 81' lang='lat' dir='ltr'><strong>ee</strong></span> <span class='ocrx_word' id='word_1_339' title='bbox 292 4289 427 4351; x_wconf 79' lang='lat' dir='ltr'><strong>consceres</strong></span> <span class='ocrx_word' id='word_1_340' title='bbox 446 4293 518 4350; x_wconf 83' lang='lat' dir='ltr'><strong>erat,</strong></span> <span class='ocrx_word' id='word_1_341' title='bbox 538 4284 663 4334; x_wconf 76' lang='lat' dir='ltr'><strong>sclaveni</strong></span> <span class='ocrx_word' id='word_1_342' title='bbox 682 4301 738 4335; x_wconf 86' lang='lat' dir='ltr'><strong>esse</strong></span> <span class='ocrx_word' id='word_1_343' title='bbox 780 4291 822 4336; x_wconf 86' lang='lat' dir='ltr'><strong>tur</strong></span> <span class='ocrx_word' id='word_1_344' title='bbox 840 4301 855 4335; x_wconf 89' lang='lat' dir='ltr'><strong>o</strong></span> <span class='ocrx_word' id='word_1_345' title='bbox 873 4294 947 4353; x_wconf 88' lang='lat' dir='ltr'><strong>pocta</strong></span> <span class='ocrx_word' id='word_1_346' title='bbox 966 4288 1064 4337; x_wconf 88' lang='lat' dir='ltr'><strong>ducitur</strong></span> <span class='ocrx_word' id='word_1_347' title='bbox 1082 4301 1097 4336; x_wconf 87' lang='lat' dir='ltr'><strong>a</strong></span> <span class='ocrx_word' id='word_1_348' title='bbox 1116 4287 1170 4337; x_wconf 80' lang='lat' dir='ltr'><strong>boe.</strong></span> <span class='ocrx_word' id='word_1_349' title='bbox 1209 4284 1261 4335; x_wconf 84' lang='lat' dir='ltr'><strong>Sed</strong></span> <span class='ocrx_word' id='word_1_350' title='bbox 1286 4284 1356 4335; x_wconf 84' lang='lat' dir='ltr'><strong>conl.</strong></span> 
     </span>
     <span class='ocr_line' id='line_1_41' title="bbox 167 4352 1003 4421; baseline 0.006 -21"><span class='ocrx_word' id='word_1_351' title='bbox 167 4352 317 4406; x_wconf 80' lang='lat' dir='ltr'><strong>declararet.</strong></span> <span class='ocrx_word' id='word_1_352' title='bbox 343 4354 553 4417; x_wconf 63' lang='lat' dir='ltr'><strong>Contxmal.</strong></span> <span class='ocrx_word' id='word_1_353' title='bbox 572 4380 606 4393; x_wconf 93' lang='lat'>-</span> <span class='ocrx_word' id='word_1_354' title='bbox 624 4352 739 4406; x_wconf 82' lang='lat' dir='ltr'><strong>Dictaea</strong></span> <span class='ocrx_word' id='word_1_355' title='bbox 780 4354 888 4405; x_wconf 78' lang='lat' dir='ltr'><strong>Paucae.</strong></span> <span class='ocrx_word' id='word_1_356' title='bbox 902 4373 927 4421; x_wconf 89' lang='lat' dir='ltr'><strong>p.</strong></span> <span class='ocrx_word' id='word_1_357' title='bbox 943 4355 1003 4406; x_wconf 89' lang='grc'><strong>711.</strong></span> 
     </span>
     <span class='ocr_line' id='line_1_42' title="bbox 153 4421 1357 4491; baseline 0.001 -19"><span class='ocrx_word' id='word_1_358' title='bbox 153 4435 234 4490; x_wconf 73' lang='lat' dir='ltr'><strong>tura,</strong></span> <span class='ocrx_word' id='word_1_359' title='bbox 258 4424 360 4475; x_wconf 85' lang='lat' dir='ltr'><strong>Cretam</strong></span> <span class='ocrx_word' id='word_1_360' title='bbox 373 4423 482 4478; x_wconf 75' lang='lat' dir='ltr'><strong>aDr&#39;cte</strong></span> <span class='ocrx_word' id='word_1_361' title='bbox 492 4428 577 4474; x_wconf 86' lang='lat' dir='ltr'><strong>monte</strong></span> <span class='ocrx_word' id='word_1_362' title='bbox 590 4421 694 4487; x_wconf 83' lang='lat' dir='ltr'><strong>Cretae,</strong></span> <span class='ocrx_word' id='word_1_363' title='bbox 713 4424 738 4475; x_wconf 92' lang='lat' dir='ltr'><strong>in</strong></span> <span class='ocrx_word' id='word_1_364' title='bbox 816 4424 858 4476; x_wconf 89' lang='grc'><strong>14.</strong></span> <span class='ocrx_word' id='word_1_365' title='bbox 872 4426 918 4478; x_wconf 78' lang='lat' dir='ltr'><strong>via</strong></span> <span class='ocrx_word' id='word_1_366' title='bbox 929 4425 1173 4491; x_wconf 65' lang='lat' dir='ltr'><strong>enumeratam,</strong></span> <span class='ocrx_word' id='word_1_367' title='bbox 1180 4439 1229 4474; x_wconf 85' lang='lat' dir='ltr'><strong>non</strong></span> <span class='ocrx_word' id='word_1_368' title='bbox 1236 4428 1357 4490; x_wconf 83' lang='lat' dir='ltr'><strong>sequente</strong></span> 
     </span>
    </p>
   </div>
   <div class='ocr_carea' id='block_1_10' title="bbox 787 4672 835 4755">
    <p class='ocr_par' dir='ltr' id='par_1_15' title="bbox 787 4672 835 4755">
     <span class='ocr_line' id='line_1_43' title="bbox 787 4672 835 4755; baseline 0 0"><span class='ocrx_word' id='word_1_369' title='bbox 787 4672 835 4755; x_wconf 64' lang='lat' dir='ltr'><strong>ias.</strong></span> 
     </span>
    </p>
   </div>
   <div class='ocr_carea' id='block_1_11' title="bbox 0 0 1436 4890">
    <p class='ocr_par' dir='ltr' id='par_1_16' title="bbox 0 0 1436 4890">
     <span class='ocr_line' id='line_1_44' title="bbox 0 0 1436 4890; baseline 0 5"><span class='ocrx_word' id='word_1_370' title='bbox 0 0 1436 4890; x_wconf 95' lang='lat' dir='ltr'><strong> </strong></span> 
     </span>
    </p>
   </div>
  </div>
 </body>
</html>
