2864 4890
634 148 736 202 Lllillll
754 149 799 203 tv,

243 302 335 369 'l'um
355 324 437 369 vero
457 303 532 370 totio
553 300 675 370 Bacchi
696 303 908 371 memorabile
929 305 1055 372 Thebis

199 385 331 454 Numen
354 402 434 469 erat,
457 411 655 476 magnasque
675 391 756 457 novi
775 405 947 456 matertera
968 390 1056 457 viret

197 471 321 538 Narrat
341 472 459 557 ubique
480 473 545 556 dei,
567 475 609 539 de
628 490 737 561 totque
757 474 925 562 sororibus
946 498 1065 564 expers

197 555 274 624 Una
296 556 418 622 doloris
440 574 522 640 erat,
544 559 608 624 nisi
631 584 727 646 quem
749 562 856 626 fecere
876 583 1016 626 sorores.

200 644 271 710 Ads
294 642 351 708 icit
365 642 460 721 hanc,
475 642 560 709 natio
575 646 781 730 thalamoque
797 645 1001 710 Athamantis
1016 645 1189 712 habentem
1245 652 1308 711 420

199 667 367 793 sublimes
389 726 515 794 animoa
536 744 567 794 et
587 728 712 795 alumni
734 729 879 808 numine,
901 728 1002 812 Jnno,

198 811 269 878 Nec
293 810 368 877 tulit
389 828 420 877 et
437 834 566 879 secum:
587 814 725 896 „Potuit
745 815 785 879 tle
805 813 921 903 pellice
942 830 1036 880 natus

200 896 364 979 „Vertere
384 896 551 964 Maeonios
571 900 750 987 petamque
769 899 964 986 immergere
985 915 1113 983 nantas,

200 981 243 1047 Et
262 982 437 1046 laceranda
457 1005 535 1047 snae
557 984 625 1049 nati
644 950 725 1049 liare
744 983 870 1051 viscera
891 983 1001 1067 matri,

170 1118 173 1123 .
200 1065 244 1132 Et
265 1066 409 1153 triplices
431 1066 560 1154 operire
582 1070 676 1134 novis
699 1069 768 1135 Min
794 1071 881 1134 cislae
903 1068 983 1135 alise
1247 1077 1307 1136 425

201 1150 261 1217 Nil
282 1151 400 1239 poterit
420 1149 510 1219 Jnno
530 1152 592 1217 nisi
613 1153 733 1219 inultos
778 1178 832 1219 ere
853 1153 1006 1220 dolores?

201 1235 303 1322 ldque
320 1236 402 1301 mihi
421 1237 499 1301 satis
521 1239 592 1304 est?
627 1237 718 1303 Haec
743 1262 808 1304 nna
830 1237 971 1327 potentia
992 1252 1103 1303 nostra
1124 1240 1197 1307 eati

199 1320 216 1387 l
239 1344 273 1386 se
293 1321 386 1386 docet
406 1321 482 1406 quid
504 1345 600 1408 agam
615 1324 695 1388 -fas
719 1340 765 1389 est
789 1339 820 1389 et
841 1324 882 1388 ab
903 1324 995 1388 hoste
1014 1323 1125 1389 doceri
1139 1359 1169 1407 ι,

201 1346 353 1491 &nitique
372 1407 467 1472 furor
487 1410 607 1488 valeat,
629 1408 773 1474 Penthea
796 1409 892 1473 caede
912 1407 1052 1493 ostiaque

201 1493 252 1557 Ac
274 1514 371 1578 snper
393 1491 541 1557 ostendit.
585 1491 654 1559 Gur
675 1518 743 1559 non
762 1493 947 1559 stimuletur
965 1507 1079 1580 eatque
1246 1499 1309 1561 teo

202 1574 268 1642 Per
290 1593 425 1659 cognata
447 1576 514 1642 suia
537 1580 686 1667 exempla
708 1578 875 1644 furoribus
896 1576 1015 1645 11ιοῖα

245 1659 303 1724 Est
325 1659 381 1726 via
403 1661 536 1728 declivis
557 1664 684 1729 funesta
704 1665 816 1729 nubila
834 1679 926 1746 taxo,

204 1743 305 1810 Ducit
327 1746 366 1810 ael
388 1746 534 1813 infernas
578 1773 614 1814 er
634 1766 723 1814 muta
746 1748 873 1814 silentia
893 1748 1004 1829 sedes;

202 1826 291 1918 Styx
312 1832 445 1896 nebulas
468 1773 602 1900 exhalat
621 1834 728 1917 iners,
750 1835 948 1918 umbraeque
971 1844 1112 1898 recentes

201 1911 413 1982 Descendunt
432 1916 508 1983 illac
528 1918 766 2006 simulacraque
786 1921 898 1986 functa
920 1915 1088 2007 sepulcris.
1245 1922 1307 1989 tta

150 2084 213 2137 llli.
232 2086 370 2153 Athamas,
383 2087 458 2139 Aeoli
465 2086 542 2151 filius
553 2106 602 2140 rea
608 2090 691 2142 Boeo-
771 2089 832 2143 424.
851 2089 889 2140 na
902 2104 930 2138 ra
942 2088 994 2138 vie.
1008 2086 1051 2150 lll,
1066 2085 1227 2140 708-731,

113 2154 180 2218 tiae,
194 2163 221 2207 et
232 2156 280 2207 leto
292 2157 349 2218 ejus
360 2173 438 2218 naor,
458 2173 532 2208 soror
543 2158 655 2208 Serretes
666 2166 693 2210 et
771 2159 833 2212 425.
851 2157 910 2208 Vid.
924 2172 950 2208 v.
964 2155 1014 2206 487
1022 2154 1126 2207 --415Ι
1138 2184 1174 2197 -
1192 2158 1270 2211 need.
1284 2169 1311 2212 et

111 2226 238 2293 Agaues,
262 2224 376 2276 iunonis
394 2225 435 2274 iro
454 2225 562 2276 menam
584 2226 695 2292 correpti
737 2233 800 2276 vett.
814 2226 871 2276 edd.
885 2241 961 2291 propo
974 2239 1059 2274 onnes
1073 2223 1217 2278 Minoidos.

110 2301 190 2355 aaut,
202 2294 231 2343 to
242 2309 297 2359 qna
309 2293 439 2345 Athamas
453 2294 694 2358 Leorcluaofilium
772 2295 833 2350 425.
851 2295 968 2360 dolores,
993 2293 1081 2358 quibus
1101 2293 1200 2347 Semele
1222 2304 1248 2349 ot
1267 2298 1311 2350 loo

111 2361 221 2426 accidit,
235 2361 284 2414 ltro
297 2379 354 2414 cusa
367 2363 451 2414 altero
461 2364 531 2429 filio,
545 2364 693 2431 Melicerta,
713 2393 715 2395 ·
737 2380 792 2415 eam
805 2364 950 2415 offecerant.
971 2361 1103 2426 Coctili,
1118 2364 1246 2433 assseqq.

111 2433 143 2485 in
168 2448 245 2483 more
266 2449 323 2483 sese
342 2433 540 2500 praecivitavit.
590 2434 694 2488 Venerio
772 2433 832 2488 427.
850 2433 911 2484 Post
928 2449 954 2485 v.
974 2431 1036 2483 427.
1059 2447 1138 2498 parva
1153 2450 1223 2491 mora
1241 2438 1310 2503 cogi-

112 2508 205 2555 utem
225 2502 347 2568 precibus
371 2503 418 2554 loo
442 2511 469 2556 et
492 2501 641 2559 Melicertes
662 2507 691 2559 ia
732 2505 809 2555 tanda
827 2510 875 2554 ost.
896 2531 928 2542 -
951 2502 1012 2556 428.
1032 2503 1101 2569 qtae,
1126 2519 1163 2555 sc.
1184 2505 1307 2563 Bacchus.

113 2571 176 2624 1000
188 2573 293 2636 mutata}
307 2579 441 2641 materque
450 2573 605 2642 Leucothoe,
611 2577 690 2641 filine
732 2575 797 2644 quid
806 2590 897 2642 agam
917 2588 954 2624 sc.
967 2572 1090 2623 inimicam
1103 2587 1185 2627 mean
1197 2575 1222 2626 in
1240 2577 1310 2628 inse-

117 2641 259 2693 Palaemon
267 2641 408 2695 dictusest.
433 2644 690 2699 lnuacomiteaulioe
731 2643 797 2695 niam
810 2643 919 2708 adigere,
935 2641 1026 2713 etipse
1039 2640 1185 2697 Pentheum.
1211 2643 1245 2698 Ut
1256 2654 1310 2699 sta·

113 2711 148 2762 iu
167 2712 195 2761 lo
219 2712 284 2778 'dea,
308 2713 383 2764 aliae
405 2713 432 2764 in
457 2731 519 2765 coes
541 2733 686 2769 conversae.
731 2713 910 2779 timssqnitnr.

115 2779 182 2848 llyg.
220 2817 226 2830 .
242 2780 331 2832 l—l.
356 2783 471 2850 apollon.
486 2782 506 2835 l.
520 2801 544 2835 c.
559 2786 584 2835 9.
606 2787 649 2838 111.
664 2803 688 2838 c.
766 2783 826 2836 430.
840 2784 878 2834 ire
885 2798 938 2850 per
949 2781 1170 2851 comprimatibus
1183 2783 1308 2855 exempla,

113 2849 144 2901 4.
157 2848 329 2920 liamlltlyss.
343 2850 376 2918 V,
386 2853 436 2905 333
444 2868 498 2922 sqq.
512 2854 620 2907 Pansae.
633 2857 687 2909 Aet.
731 2853 833 2906 inituri.
851 2853 908 2904 Art.
921 2851 977 2904 tm.
992 2851 1035 2916 ill,
1050 2850 1094 2902 87.

114 2934 142 2986 p.
161 2918 220 2971 108.
346 2952 349 2957 ·
800 2922 841 2977 lte
854 2939 906 2991 per
924 2921 1084 2988 exemplum,
1107 2937 1194 2990 genua
1212 2939 1308 2978 omor-

941 2990 1005 3054 talo,
1018 2991 1134 3041 deorum.

150 3057 212 3109 418.
240 3056 317 3124 Tuto
336 3074 373 3109 sc.
387 3074 442 3109 oum
455 3060 498 3142 sic·
510 3075 595 3112 omnes
614 3078 691 3114 novo·
732 3057 978 3113 vitnoteetnst.
987 3058 1020 3120 ll,
1032 3056 1092 3108 158.
1106 3065 1131 3108 et
1143 3059 1175 3140 ael
1186 3058 1219 3123 V,
1228 3060 1308 3124 3,27.

113 3136 623 3262 Ἳιῗῗ”ζΐὲῗ.ἵ.ἰῗῗ.(ἳῗὶῖἑὲἓῗ”ιῗ3,
645 3199 692 3250 ε..
733 3126 1309 3265 ..243ἕῖἔῖἕξῖῑῷἶῗῖῗῗὲέὲῗὔὶέἑῗ

112 3266 203 3329 melos,
223 3267 310 3317 matris
323 3268 424 3330 Bocchi,
445 3283 518 3318 soror
535 3269 591 3335 (lll,
606 3268 690 3333 313).
736 3267 811 3318 Goth.
826 3266 863 3327 1.‚
877 3264 968 3329 Rhea„
982 3265 1052 3333 Lips.
1061 3266 1099 3329 2.,
1113 3264 1197 3330 Vnst,
1210 3267 1309 3334 plurimi

113 3336 311 3402 quellaochnm
324 3338 456 3398 nutrierat,
471 3337 577 3404 indeque
588 3338 692 3388 lunonis
736 3335 823 3389 Heius.
837 3343 862 3386 st
874 3342 936 3386 vett.
950 3335 1008 3386 edd.
1029 3363 1060 3374 -
1077 3335 1152 3402 ang.
1166 3339 1308 3394 soror-tius.

113 3405 178 3456 iram
196 3413 332 3457 nocuerat.
359 3434 389 3446 -
414 3405 476 3457 418.
497 3407 581 3460 detor
598 3408 693 3459 sorori-
770 3404 831 3460 432.
851 3405 966 3459 memo.
986 3407 1208 3475 Epicnninitinm.
1232 3409 1307 3464 Cous.

113 3475 173 3541 lue,
187 3474 275 3527 Cadmi
287 3475 533 3542 altumaltum.)
544 3493 607 3543 qnae
620 3485 693 3528 crant
736 3475 756 3538 1,
772 3475 832 3528 168.
845 3504 881 3515 --
893 3479 1017 3545 fisneoto,
1037 3477 1095 3544 qnia
1114 3477 1218 3529 lunares
1231 3479 1307 3533 lacit:

114 3544 228 3606 Somolo,
242 3545 337 3608 Agave,
352 3545 475 3606 Autonoe,
490 3547 525 3596 al.
734 3561 791 3597 nam
816 3546 899 3598 foetos
922 3547 974 3597 taxi
1005 3547 1122 3599 venenati
1153 3547 1310 3599 habebantur

148 3612 203 3666 418
214 3629 252 3680 oq.
266 3630 362 3682 cepero
373 3631 431 3666 nno
442 3616 623 3684 ‹iolas-iseram
635 3632 692 3668 nam
734 3615 817 3682 (Vir-g.
832 3616 925 3680 Georg.
946 3617 978 3681 ΙΙ,
1000 3616 1061 3669 357.
1081 3616 1144 3669 toci
1158 3615 1310 3680 nocentee);

112 3683 229 3749 oehqaao
240 3699 326 3735 omnes
338 3686 521 3737 calamitatibus
534 3687 667 3740 notabiles.
733 3686 799 3738 unde
812 3687 887 3738 etiam
899 3687 965 3737 viam
978 3686 1116 3738 inferorum
1133 3681 1220 3743 cingit.
1251 3682 1310 3739 Vis,

148 3754 213 3805 4211.
232 3755 312 3818 antia,
326 3753 439 3805 Learcho
452 3762 478 3805 et
490 3754 630 3807 Melicerta.
732 3755 797 3808 Plio.
819 3755 865 3807 Vl.
885 3772 909 3806 c.
929 3755 973 3805 20.
1010 3754 1127 3802 Dioscor.
1149 3748 1194 3800 lV.
1220 3766 1244 3801 c.
1265 3751 1308 3810 75.

148 3822 213 3879 sat.
233 3831 260 3876 et
270 3825 374 3875 alumni
382 3825 499 3892 numine,
517 3826 535 3876 i.
549 3843 574 3876 e.
588 3834 614 3878 et
625 3827 690 3892 qnod
733 3825 808 3877 Caes.
823 3825 853 3875 B.
868 3824 900 3875 G.
913 3823 958 3873 Vl.
973 3837 996 3870 c.
1006 3821 1049 3871 31.
1063 3819 1146 3884 ibique
1159 3819 1268 3889 Herzog.
1278 3850 1310 3865 -

113 3891 246 3956 hahes,
266 3908 338 3959 mem
352 3895 488 3958 nutrierat,
509 3911 598 3946 nonen
611 3903 689 3947 esset.
732 3895 776 3947 oia
788 3894 892 3944 nubilo.
918 3889 993 3940 Conl.
1006 3887 1076 3951 XIV,
1091 3889 1152 3942 514.

113 3961 159 4025 ΙΙΙ,
175 3961 237 4013 313.
252 3991 285 4003 -
298 3963 378 4027 sior„
393 3962 462 4014 lllon
487 3971 513 4014 et
524 3965 583 4017 Vot.
597 3965 622 4015 1.
634 3980 649 4015 a
665 3966 689 4016 1.
768 3962 830 4013 433.
850 3959 931 4023 ducit,
950 3959 992 4008 ubi
1005 3958 1080 4012 etism
1093 3976 1162 4034 quae
1173 3959 1247 4015 ducit
1260 3961 1310 4012 dici

111 4032 300 4083 maulam.
320 4056 353 4074 ·-
378 4033 440 4083 Cotl.
456 4034 648 4100 Bccsm.‚Lips.
664 4034 688 4086 l.
733 4036 841 4100 poterat.
868 4028 941 4079 Coni.
959 4028 977 4090 Ι,
993 4029 1052 4080 169.

112 4099 333 4154 etXVlllcins.:
352 4103 585 4154 mllimesoouloa.
770 4099 831 4148 434.
850 4098 926 4168 Siqua.
957 4098 1015 4151 Vid.
1037 4100 1062 4165 l,
1085 4100 1144 4153 139.
1170 4128 1206 4142 -
1224 4099 1310 4153 iners.-

148 4171 212 4225 422.
233 4173 265 4223 dc
274 4172 366 4238 pellice
377 4182 467 4235 natus,
483 4173 605 4234 Bocchus,
620 4186 691 4235 quem
734 4184 791 4220 nam
803 4169 862 4219 limo
880 4185 909 4220 ao
921 4170 1035 4223 turbidus
1047 4172 1109 4235 fluit,
1127 4170 1260 4237 palatiique
1274 4170 1309 4221 si·

112 4238 225 4301 Semele,
244 4241 349 4293 iunonis
367 4243 460 4308 pellex,
480 4241 569 4292 elovc
588 4256 693 4307 pepere-
734 4239 800 4289 milis
813 4248 867 4305 estg
887 4241 951 4291 unde
965 4240 1036 4292 Pont.
1051 4241 1093 4305 lV‚
1110 4240 1150 4306 to,
1167 4239 1208 4291 17.
1225 4241 1310 4310 pigra

111 4316 164 4360 rat.
190 4310 235 4374 lll,
249 4310 311 4362 281.
731 4309 824 4381 polus.
861 4311 921 4362 llos.
943 4312 991 4362 od.
1012 4312 1051 4372 ll,
1072 4313 1113 4372 14,
1137 4310 1179 4361 ll.
1197 4310 1309 4376 flumme

147 4379 211 4431 428.
231 4379 410 4433 Maeonios·
422 4388 524 4433 aoniae
535 4386 641 4447 oertm,
654 4395 692 4431 sc.
735 4381 865 4450 trogesso
881 4383 995 4449 Cocytus
1013 4396 1115 4432 armas.
1135 4406 1169 4423 -
1187 4386 1310 4441 recentes,

111 4448 138 4498 in
146 4448 290 4516 delphinas.
304 4448 529 4515 ses-maurili,
543 4450 633 4503 577-
643 4449 691 4503 stt
737 4465 800 4519 quta
812 4452 884 4502 snotlo
893 4451 1219 4516 corporibusoxoeoaornnt.
1232 4446 1308 4498 (loni.

110 4515 263 4586 Maeoniae,
276 4518 431 4590 Thimenos.
456 4519 515 4572 vn.
529 4521 561 4572 ael
573 4520 618 4587 ill,
632 4521 693 4574 588.
736 4520 806 4586 Vlll,
819 4520 881 4572 488.
893 4545 930 4569 .-
944 4519 1006 4570 435.
1020 4518 1138 4570 Veterum
1150 4514 1311 4583 μηιιιίοιιο
