2864 4890
475 176 801 249 manotenosaott
829 176 957 235 mutus.
1230 175 1322 234 XXlX

125 335 308 405 Thraciam
322 357 368 400 -se
396 333 534 402 contulit
558 334 599 401 ad
630 335 758 424 nuptias
786 335 915 424 Orphei
946 347 978 400 et
1008 332 1206 424 Eurydices,
1233 336 1324 402 malo

129 437 257 520 omina,
287 436 448 524 siquidem
476 460 558 503 mox
577 437 735 526 serpentis
762 460 875 504 morsu
904 436 983 503 obiit
1008 435 1196 526 Eurydice,
1222 460 1322 525 mam

131 541 304 628 Orpheus,
333 539 412 605 licet
444 541 484 605 ad
514 540 639 606 inferos
667 540 897 622 descendisset,
927 541 1083 606 reducere
1109 563 1177 605 non
1204 539 1321 629 potuit.

129 643 242 729 Quare
262 665 413 708 moerore
434 643 603 730 perculsus
624 657 751 708 montes
774 642 935 708 solitarios
953 641 1057 731 petiit,
1075 641 1133 707 uhi
1152 665 1235 708 sono
1248 657 1321 708 tan·

127 759 213 812 tatae
233 746 276 810 ab
296 768 335 810 eo
355 745 449 833 lyrae
470 742 624 809 animalia
645 745 686 811 ad
709 769 784 810 eum
805 758 1043 811 concurrerunt
1064 759 1095 809 et
1116 745 1261 827 arbores,
1283 744 1322 811 iu

127 847 246 934 quibus
266 847 362 936 pinus
382 869 427 912 ex
446 847 518 937 Aty
539 861 634 933 atque
656 870 864 935 cupressuse
887 845 1063 937 Cyparisso
1085 861 1220 913 mutata.
1254 844 1321 913 Ga·
1424 934 1429 939 -

127 951 228 1017 nebat
247 964 354 1016 autem
375 949 431 1015 ille
452 949 492 1014 de
509 946 592 1016 Jove
613 949 653 1014 ad
675 949 869 1037 rapiendum
891 949 1105 1037 Ganymeden
1123 948 1159 1015 in
1178 949 1322 1034 aquilam

127 1067 266 1135 mutato,
282 1053 322 1117 de
334 1050 571 1142 Hyacinthi-ah
584 1053 741 1139 Apolline
756 1052 855 1117 amati
870 1067 902 1117 ct
915 1052 1080 1117 interfecti
1093 1052 1273 1117 mutatione
1285 1050 1323 1118 iu

127 1154 343 1246 hyacinthum
365 1157 498 1235 florem,
522 1155 562 1219 de
583 1153 856 1241 Propoetidarnm
881 1154 917 1219 in
946 1152 1087 1239 lapides,
1109 1154 1151 1219 de
1171 1150 1323 1220 Gerasu-

127 1281 205 1324 rum
223 1257 259 1322 in
281 1271 403 1339 tauros,
430 1257 471 1321 de
492 1255 721 1348 Pygmalionis
739 1270 863 1322 statuae
884 1256 920 1321 in
941 1254 1112 1320 mulierem
1134 1254 1261 1338 vivam,
1281 1256 1323 1322 de

127 1358 288 1450 Myrrhae
308 1373 443 1451 propter
462 1358 622 1424 incestum
650 1372 836 1446 compatre
859 1357 1067 1423 concubitum
1094 1357 1131 1423 iu
1151 1357 1323 1447 myrrham

130 1462 301 1544 arborem,
339 1462 378 1527 de
406 1461 587 1543 Adonidis,
625 1460 678 1526 cni
704 1459 817 1526 Venus
841 1458 1057 1549 Hippomenis
1084 1474 1116 1526 ct
1146 1460 1322 1527 Atalantae

129 1563 166 1629 iu
183 1565 305 1652 templo
324 1563 425 1652 ipsius
446 1556 730 1629 concumbentium
750 1561 785 1627 in
799 1564 910 1629 leones
926 1561 1228 1629 transformationes
1242 1586 1322 1629 nar·

130 1682 280 1749 raserat,
303 1667 339 1731 in
359 1690 563 1732 anemonem.

216 1767 293 1835 Lib.
315 1767 380 1835 Xl.
425 1769 523 1835 Talia
545 1783 715 1834 canentem
737 1792 812 1834 cum
832 1768 996 1834 Thraciae
1016 1767 1171 1833 mulieres
1188 1765 1323 1855 Orphea

109 1869 391 1959 discerpsissent,
427 1887 592 1959 serpente,
632 1871 688 1957 qui
718 1887 814 1959 caput
843 1868 912 1958 ejus
941 1873 1086 1959 petebat,
1116 1869 1153 1935 in
1180 1868 1322 1957 lapident

130 1988 274 2057 mutato,
311 1973 346 2038 in
367 1974 500 2039 arbores
535 1997 712 2039 conversae
732 1989 808 2039 sunt
842 1996 862 2037 a
882 1971 1032 2056 Baccho,
1068 1970 1124 2057 qui
1144 1971 1258 2037 relicta
1279 1971 1323 2036 oh

130 2072 340 2141 interfectum
360 2090 468 2141 vatem
496 2075 661 2157 Thracia,
689 2075 726 2140 in
753 2074 937 2164 Phrygiam
964 2100 999 2141 se
1030 2074 1184 2155 contulit,
1214 2073 1325 2160 ibique

129 2201 194 2265 pro
215 2175 330 2243 Sileno
352 2175 500 2240 restituto
519 2175 656 2255 Midam,
679 2175 735 2258 qui
756 2189 901 2261 optarat,
922 2189 971 2256 ut,
993 2175 1147 2260 quidquid
1169 2175 1325 2262 contigis-

129 2293 202 2358 set,
241 2277 278 2340 in
301 2299 418 2340 aurum
447 2290 629 2356 vetaretur,
666 2274 736 2340 voti
768 2290 948 2362 compotem
969 2274 1059 2341 fecit.
1118 2272 1220 2364 Cujus
1253 2274 1326 2343 voti

129 2400 213 2444 oum
235 2375 331 2441 illum
362 2374 560 2463 poeniteret,
598 2374 742 2467 ejusdem
764 2374 816 2440 dei
853 2400 914 2464 ope
952 2377 992 2442 ab
1031 2399 1069 2442 eo
1090 2376 1245 2442 liberatus
1265 2394 1325 2461 est,

130 2494 165 2546 et
186 2502 262 2544 cum
278 2476 424 2569 jussusa
452 2479 512 2543 deo
540 2479 576 2543 in
597 2477 732 2545 Pactolo
759 2479 944 2560 lavaretur,
973 2501 1088 2545 arenas
1115 2476 1185 2570 ejus
1210 2503 1325 2548 aureas

131 2580 221 2648 fecit.
265 2580 381 2646 Eidem
401 2596 512 2669 postea
534 2580 685 2647 Phoebus
715 2596 847 2670 propter
871 2581 1021 2667 iniquum
1050 2582 1090 2647 de
1120 2596 1217 2647 cantu
1235 2581 1325 2672 jndi-

133 2683 221 2749 cinm
263 2706 357 2748 aures
402 2682 543 2748 asininas
580 2682 678 2748 dedit.
746 2682 822 2767 Quo
863 2683 950 2749 facto
986 2681 1126 2774 Trojam
1158 2684 1325 2773 profectus

133 2784 258 2873 Apollo
279 2799 357 2851 cunt
372 2782 529 2872 Neptuno
550 2783 804 2851 Laomedontem
833 2810 945 2852 muros
968 2783 1134 2877 Trojanos
1152 2801 1326 2852 exstruen-

132 2902 200 2953 tem
228 2885 365 2977 adjuvit.
422 2887 558 2953 Pactam
591 2910 673 2954 vero
698 2888 880 2953 mercedem
909 2910 976 2953 non
1009 2889 1156 2955 solvente
1183 2888 1326 2954 Laome·

135 2989 233 3053 doute
252 2987 421 3078 Neptunus
442 3005 563 3055 terram
585 3013 714 3057 omnem
735 2989 770 3054 in
792 2988 869 3054 frati
896 2990 1039 3055 formam
1059 2989 1231 3056 convertit.
1267 2988 1327 3056 Fi-

131 3090 214 3156 liam
242 3089 472 3157 Laomedontis
500 3090 697 3175 Hesionem,
732 3115 814 3156 saxo
843 3090 1030 3177 alligatam,
1058 3090 1210 3157 liberavit
1237 3090 1326 3158 Her·

134 3194 237 3276 cules,
260 3191 352 3283 cujus
369 3196 477 3259 socius
506 3195 669 3261 Telamon
692 3216 764 3259 eam
786 3189 958 3282 conjugem
986 3191 1096 3272 duxit3
1125 3216 1203 3258 uam
1230 3191 1328 3284 hujus

134 3295 238 3361 frater
259 3295 398 3360 duxerat
426 3293 587 3376 Thetida,
624 3294 735 3361 multis
763 3294 840 3359 licet
876 3294 1013 3383 acceptis
1050 3295 1166 3362 formis
1195 3298 1327 3365 undem

134 3396 268 3462 vietam.
318 3395 350 3462 ls
372 3411 482 3486 postea
505 3395 673 3463 Trachina
704 3396 743 3461 ad
767 3394 908 3485 Ceycem
943 3397 1099 3486 migravit
1133 3414 1204 3466 tum
1235 3401 1327 3484 luctu

138 3497 247 3564 fratris
266 3498 479 3566 Daedalionis
501 3499 677 3581 afflictum,
700 3498 755 3584 qui
780 3499 817 3565 in
838 3499 1024 3589 accipitrem
1046 3516 1116 3568 erat
1135 3526 1326 3569 conversus.

137 3599 236 3690 Apud
257 3600 353 3666 illum
373 3601 588 3669 commoranti
616 3600 786 3667 nuntiatur
803 3610 805 3614 ’
812 3627 927 3690 greges
955 3628 1072 3670 snosa
1100 3605 1180 3691 lupo
1206 3603 1328 3668 dilace-

136 3702 204 3768 rari
212 3728 223 3785 3
251 3703 353 3790 igitur
372 3705 498 3793 placata
531 3704 572 3769 ab
606 3727 663 3787 eo,
700 3727 782 3789 quae
815 3705 908 3771 illam
934 3707 1059 3771 cladem
1078 3704 1230 3788 miserat,
1267 3705 1328 3773 dea

135 3806 233 3894 lupus
271 3805 307 3871 in
340 3829 460 3872 saxum
493 3822 649 3872 mutatur.
700 3806 828 3891 Quibus
862 3806 1029 3871 miraculis
1065 3804 1196 3872 territus
1232 3805 1328 3901 Geyx

135 3907 284 3973 aditurus
312 3925 381 3975 erat
410 3909 577 3973 oraculum
611 3905 778 3990 Clarium,
816 3908 872 3971 sed
905 3905 941 3969 in
973 3905 1089 3974 itinere
1115 3910 1212 3998 pariit
1243 3936 1328 3978 nau·

134 4008 257 4095 fragio.
307 4007 478 4100 Halcyone
499 4035 587 4074 uxor
617 4007 685 4097 ejus
711 4023 822 4096 postea
851 4006 968 4074 marito
997 4012 1177 4097 naufrago,
1206 4015 1262 4102 qni
1287 4015 1329 4080 ad

134 4110 213 4176 litus
234 4108 352 4198 ejectus
368 4128 454 4195 erat,
482 4126 654 4198 conspecto
678 4111 714 4174 in
744 4109 937 4199 halcyonem
965 4136 1078 4198 avem,
1107 4116 1203 4183 sicuti
1231 4117 1328 4182 etiam

133 4213 290 4296 maritus,
312 4230 435 4281 mutata
457 4229 516 4282 est.
569 4211 660 4298 Quos
686 4234 761 4275 cum
782 4211 898 4300 aliquis
919 4217 1067 4282 volantes
1095 4219 1328 4306 conspexisset,

131 4316 317 4400 Aesacum,
353 4316 480 4383 Priami
513 4315 619 4382 filium
659 4313 806 4381 meminit
837 4316 1000 4402 quondam
1036 4318 1136 4384 simili
1166 4321 1264 4386 modo
1292 4320 1329 4385 in

131 4442 307 4508 margum,
328 4419 384 4506 qui
404 4435 474 4487 tum
496 4420 581 4486 forte
601 4419 732 4501 aderat,
756 4416 1035 4486 transformatum.
