2864 4890
638 178 736 230 LIBER
755 177 811 232 Vll.
1235 168 1315 232 ss!

205 335 337 402 Fronde
357 336 465 401 levem
484 354 596 398 rursus
617 331 787 481 strepitum
809 332 948 398 faciente
969 334 1101 416 caduca,
1251 338 1311 397 816

206 418 289 486 Sum
311 436 398 485 ratus
420 441 490 484 esse
509 419 625 499 feram,
649 431 679 482 te
694 442 812 504 umque
831 418 965 484 volatile
986 418 1072 484 misi.

206 504 338 571 Procris
362 518 448 583 erat3
472 503 643 587 medioque
667 518 778 568 tenens
800 504 834 567 in
859 518 987 589 pectore
1008 505 1130 568 vulnus

207 588 330 672 ,‚„Hei
349 588 455 653 mihi“
469 590 509 653 “l
533 589 722 652 conclamat.
768 586 845 652 Vox
867 587 991 652 881861
1013 590 1141 675 cognita
1162 589 1245 655 lidae

209 673 385 764 Gonjugis,
408 672 448 736 ad
471 695 584 737 vocem
604 695 756 759 praeceps
778 675 1113 771 amensquetcucurri.

208 756 429 824 Semanrmem
451 771 482 821 et
502 779 628 844 sparsas
649 755 833 820 foedantem
854 779 910 820 san
934 780 1010 820 uine
1031 775 1135 824 888188
1248 764 1307 827 815

207 842 250 908 Et
269 864 327 907 sua
349 878 365 893 -
388 864 440 905 me
461 840 634 906 miserum!
658 876 674 890 -
695 840 734 904 de
754 840 891 906 vulnere
912 780 998 905 dona
1018 845 1198 911 trahentem

206 925 358 1006 Invenio,
382 948 560 1011 corpusque
581 947 655 988 meo
676 924 757 988 mihi
779 923 884 988 carius
902 923 989 987 ulnis

207 1011 363 1077 Mollibus
380 1011 504 1089 attollo,
526 1008 686 1093 scissaque
705 1033 723 1072 a
742 1024 870 1095 pectore
889 1021 980 1074 veste

207 1095 355 1161 Vulnera
373 1117 469 1159 saeva
489 1093 568 1179 ligo,
591 1117 754 1178 conorque
775 1090 923 1156 inhibere
943 1115 1105 1175 cruorem,

207 1179 283 1247 Neu
305 1203 356 1243 me
377 1195 482 1243 morte
503 1202 561 1244 sua
581 1179 770 1242 sceleratum
792 1179 927 1259 deserat,
951 1200 1021 1241 oro.
1246 1190 1309 1244 850

208 1265 343 1328 Viribus
365 1263 422 1328 illa
444 1286 555 1328 carens
577 1261 693 1348 etjam
714 1262 908 1327 moribunda
931 1261 1035 1346 coligit

209 1348 300 1414 Haec
321 1373 355 1412 se
376 1372 476 1436 pauca
497 1347 605 1433 loqui:
628 1395 652 1429 „
659 1347 752 1429 „Per
772 1347 874 1411 nostri
894 1347 1026 1412 foedera
1048 1347 1133 1428 lecti,

211 1480 234 1516 „
247 1434 398 1517 „Perque
422 1433 496 1497 deos
517 1457 577 1520 sup
600 1434 657 1497 lex
677 1455 735 1496 oro
756 1453 951 1518 superosque
971 1454 1134 1517 meosque,

209 1517 323 1584 Persi
345 1517 421 1601 quid
443 1517 549 1581 merui
570 1458 609 1583 de
630 1533 661 1582 te
683 1518 776 1597 bene,
799 1539 919 1602 perque
940 1531 1123 1581 manentem

206 1601 304 1668 Nunc
319 1625 456 1686 quoque,
472 1627 546 1668 cum
560 1626 669 1691 pereo,
686 1624 815 1667 causam
829 1601 910 1667 mihi
926 1601 1050 1681 mortis,
1065 1624 1222 1686 amorem,
1245 1613 1306 1670 856

208 1686 259 1753 Ν8
279 1687 429 1753 thalamis
450 1687 578 1753 Auram
601 1687 722 1775 patiare
744 1685 902 1751 innubere
922 1685 1112 1750 nostris.““
1330 1700 1339 1711 ·

211 1771 350 1853 „Dixit;
374 1787 404 1837 et
427 1796 570 1837 errorem
592 1790 660 1838 tum
683 1770 821 1855 denique
842 1769 983 1835 nominis
1005 1793 1073 1835 esse

208 1855 251 1921 Et
271 1855 356 1920 sensi
378 1872 409 1921 et
431 1857 536 1922 docui.
580 1855 645 1923 Sed
667 1855 742 1941 quid
765 1855 909 1920 docuisse
929 1852 1087 1956 juvabat?

207 1941 362 2022 Labitur,
385 1955 416 2005 et
437 1964 557 2027 parvae
577 1941 708 2027 fugiunt
731 1964 804 2003 cum
825 1963 982 2023 sanguine
1000 1938 1106 2020 vires;

208 2025 361 2108 Dumque
382 2024 502 2108 aliquid
525 2040 668 2111 spectare
691 2037 805 2112 potest,
823 2047 875 2086 me
895 2037 1027 2122 spectat,
1048 2025 1131 2088 etin
1152 2047 1204 2088 me
1247 2035 1307 2087 880

208 2108 378 2174 lnfelicem
400 2108 543 2170 animam
564 2123 738 2191 nostroque
757 2108 890 2170 exhalat
911 2131 944 2170 in
967 2128 1043 2171 orez

211 2191 277 2256 Sed
299 2193 394 2258 vultu
412 2190 547 2254 meliore
569 2191 653 2255 mori
674 2213 787 2253 secura
808 2188 977 2253 8818188.α

210 2274 378 2338 Flentibus
400 2274 479 2337 haec
500 2274 672 2339 lacrimans
689 2275 785 2338 heros
808 2273 1025 2352 memorabat;
1049 2287 1090 2354 et,
1114 2295 1200 2352 ecce,

213 2359 342 2423 Aeacus
363 2357 546 2444 ingreditur
567 2358 685 2445 duplici
710 2381 784 2422 cum
806 2358 910 2442 prole,
933 2380 1083 2441 novoque

210 2442 327 2526 Milite,
350 2465 446 2527 quem
469 2440 630 2530 Cephalus
654 2468 729 2510 cum
748 2442 886 2508 fortibus
906 2441 1023 2530 accipit
1040 2440 1152 2508 armis.
1250 2454 1309 2507 865

126 2633 212 2684 118188.
225 2639 253 2681 81
265 2632 306 2680 ed.
319 2646 375 2696 pr,
396 2631 474 2696 quod,
489 2645 545 2681 cum
561 2631 622 2681 illud
639 2631 701 2683 oeni
775 2631 835 2683 853.
856 2647 991 2699 meosque,
1010 2630 1162 2694 inferorum,
1182 2646 1243 2697 quos
1257 2631 1328 2701 jum,

126 2709 267 2768 repetatur,
299 2707 355 2766 opte
379 2699 509 2765 repetitur.
552 2700 631 2763 'Vulg.
657 2702 697 2752 di-
739 2701 812 2752 adibo
824 2701 943 2751 moriens.
956 2728 990 2740 -
1020 2700 1312 2767 8818888888

127 2787 195 2822 8888.
217 2770 311 2820 Sensus
324 2777 378 2820 est:
400 2777 426 2820 et
437 2770 524 2821 subito
535 2771 649 2838 gemitus
663 2799 697 2810 -
739 2787 873 2838 meosque,
891 2777 917 2819 81
934 2770 1018 2821 Berol.
1039 2787 1083 2822 oro
1094 2778 1243 2840 vestrosque
1258 2788 1312 2825 me·

126 2840 245 2892 88108888
258 2847 376 2890 atamen
384 2839 498 2906 perrexi
507 2848 534 2891 et
547 2839 616 2905 dixi,
629 2841 697 2908 opti·
740 2857 832 2908 osque,
850 2838 881 2889 ab
895 2839 1015 2904 imperitis
1028 2842 1220 2893 correctoribus.

124 2927 184 2974 rua,
201 2909 261 2960 oeni
774 2910 835 2960 854.
849 2924 900 2975 par
911 2909 937 2958 er'
952 2908 1029 2976 quid,
1048 2907 1164 2972 8111111,
1179 2909 1240 2963 376.

161 2977 222 3029 840.
243 2978 361 3042 caduca,
385 2991 448 3042 quus
464 2991 495 3027 ex
512 2976 602 3028 arbore
620 2979 697 3043 cudit,
775 2977 836 3030 856.
850 2978 935 3027 Berol.
949 2984 975 3026 81
987 2978 1098 3027 nonnulli
1107 2978 1192 3030 Heius.
1203 2980 1312 3046 patiar·

127 3047 231 3099 88088111
244 3053 356 3096 8818888
368 3047 452 3097 68681.
473 3045 525 3110 lX,
546 3046 605 3097 650.
739 3048 860 3100 enubere.
876 3044 951 3095 Goth.
965 3046 992 3096 2.
1006 3046 1155 3095 8188888111
1168 3048 1210 3097 alii
1224 3048 1311 3101 Heius.

161 3116 223 3168 841.
242 3116 323 3167 telum
334 3114 465 3177 volatile,
473 3113 596 3179 jaculum.
622 3115 697 3166 Coul.
735 3116 854 3184 potioris
866 3114 973 3162 nubere.
1011 3112 1084 3162 Coul.
1099 3112 1162 3176 Xll,
1184 3115 1242 3167 106.

126 3202 152 3236 v.
167 3185 227 3235 680.
248 3211 279 3222 -
315 3183 376 3238 842.
395 3191 499 3247 tenens,
518 3184 623 3234 686888.
776 3183 838 3233 861.
857 3179 988 3231 Morientis
1012 3181 1113 3245 spiritus
1135 3196 1264 3248 supremus
1281 3187 1313 3237 86

162 3254 222 3305 845.
242 3251 314 3304 lllulti
333 3253 406 3302 codd.
426 3267 482 3302 cum
499 3258 562 3302 vett.
583 3253 640 3302 edd.
660 3267 700 3302 88-
740 3268 790 3301 888
804 3252 834 3300 de
847 3249 959 3312 cognatis
976 3264 1019 3299 ore
1032 3250 1113 3317 excipi
1132 3253 1196 3318 apud
1214 3261 1313 3310 veteres

124 3320 700 3443 18116181181888ΜΨΜ868
741 3318 1051 3455 ⁵⁰¹⁰lt‘albllb
1060 3319 1225 3458 8148...
1258 3395 1291 3412 ··

314 3427 320 3440 .
461 3426 467 3439 .
649 3412 653 3416 ·
1235 3413 1300 3448 om.

160 3461 221 3512 846.
240 3477 292 3512 ooo
304 3460 429 3511 -doma
447 3457 506 3509 Vid.
522 3457 582 3508 756.
598 3455 700 3508 795-
742 3457 815 3510 Coul'.
837 3457 908 3521 Virg.
928 3461 992 3510 heo.
1012 3459 1062 3526 lV,
1083 3462 1144 3512 684.
1164 3471 1190 3514 81
1209 3472 1260 3515 881.
1281 3465 1313 3515 ad

127 3529 208 3596 Supra
226 3545 253 3578 v.
272 3528 332 3579 681.
352 3534 511 3578 memoratum
526 3533 581 3590 est,
601 3526 699 3592 boe-ja-
741 3526 877 3589 Trist.lV‚
894 3528 978 3588 811.

126 3601 209 3651 colum
221 3599 299 3664 ipsum
317 3614 362 3664 per
379 3613 406 3648 88
423 3597 554 3660 revolare,
573 3597 617 3646 sed
634 3612 698 3646 8888
774 3597 835 3652 862.
855 3598 975 3663 meliore,
993 3598 1114 3660 18811888,
1133 3599 1262 3648 hilariore.
1281 3599 1313 3665 V,

124 3675 210 3719 tamen
227 3667 344 3719 evellitur
361 3683 375 3718 a
395 3666 521 3717 Procride.
570 3664 700 3731 Repugnat
741 3666 801 3718 501.
822 3694 850 3703 -
871 3683 979 3732 secoro,
1005 3681 1060 3715 oum
1085 3666 1116 3714 de
1135 3669 1204 3715 Auro
1222 3665 1313 3731 pollice

125 3738 203 3801 igitur
213 3743 288 3803 poeta
305 3736 359 3803 ipse
371 3736 428 3787 sibi.
464 3735 558 3787 Verum
577 3736 698 3785 18118888
740 3735 860 3787 8888881.
874 3751 898 3786 8.
913 3735 966 3785 8188
980 3748 1040 3783 8888
1053 3739 1129 3781 88881.

125 3807 239 3870 urgendo
251 3811 318 3856 8881.
337 3832 371 3845 -
405 3805 563 3856 818.88818.
595 3804 700 3855 1188818-
774 3804 835 3855 864.
856 3804 972 3864 Aeacus,
991 3802 1033 3863 qui
1045 3800 1117 3848 modo
1129 3800 1209 3850 811688
1221 3802 1313 3855 dormi-

127 3875 204 3925 debut
216 3889 287 3925 suam
300 3875 376 3940 ipsios
387 3882 499 3935 vestem,
518 3880 547 3925 81
565 3875 700 3938 ligamenta
742 3879 805 3922 erat.
828 3870 888 3920 667.
903 3896 936 3908 -
955 3867 1055 3932 duplici
1078 3884 1136 3919 cum
1149 3871 1240 3937 prole,
1261 3871 1312 3925 Te.

126 3945 239 3995 volneris
251 3943 364 3993 6868881.
379 3971 410 3982 -
424 3943 561 4004 88801688,
579 3943 698 3993 88111188.
741 3941 839 3989 lamone
853 3944 878 3986 81
891 3935 976 3985 Peleo.
998 3934 1058 3986 669.
1079 3965 1112 3976 -
1130 3953 1210 4006 novo,
1230 3947 1311 4010 utqui

126 4012 224 4064 -ru,
238 4013 265 4067 2.
279 4019 305 4062 81
317 4028 360 4078 pro
371 4028 397 4063 v.
409 4012 428 4061 l.
443 4027 506 4060 8888
512 4009 603 4061 Μ8018.
617 4010 700 4062 sonti·
743 4021 822 4071 nuper
833 4005 863 4054 de
878 4004 987 4054 formicis
1000 4011 1072 4056 88188
1085 4015 1148 4058 erat.

126 4083 185 4134 688.
235 4081 377 4148 Perperam.
404 4095 468 4128 8888
493 4078 558 4128 enim
583 4080 614 4129 de
639 4091 701 4128 cora
777 4073 838 4124 865.
862 4089 920 4125 8818
939 4074 1058 4137 sortibus
1082 4079 1177 4142 818818,
1205 4081 1311 4134 torrium

125 4153 195 4203 circa
206 4150 377 4202 moribundam
390 4148 481 4211 egitur.
742 4141 817 4193 armis
830 4143 985 4196 instructum.
1023 4144 1095 4198 (1881.
1110 4148 1176 4210 Vlll,
1197 4149 1255 4201 770.

660 4359 870 4369 .......--.......,,,.
