2864 4890
634 109 735 162 Llllllll
754 112 786 164 ll.

199 264 333 349 Quanto
355 264 565 353 splendidior,
588 287 685 350 quam
709 281 814 330 cetera
835 264 953 348 sidera,
972 267 1084 354 'fulget

197 348 346 430 Lucifer,
371 363 402 413 et
423 365 555 434 quanto,
580 374 677 435 quam
698 350 846 432 Lucifer,
869 375 968 416 aurea
991 354 1139 435 Pboehe3

198 433 310 499 Tanto
331 433 515 518 virginibus
537 435 752 521 praestantior
772 434 921 501 omnibus
944 435 1050 502 Herse

199 516 282 600 lbat,
307 534 438 605 eratque
458 520 555 584 decus
576 543 713 608 pompae
733 521 951 606 comitumque
970 546 1114 588 suarum.
1247 535 1306 590 725

199 603 377 690 Obstupuit
396 603 503 668 forma
523 601 606 670 Jove
628 620 734 686 natus,
759 619 791 669 et
812 606 942 670 aethere
962 609 1104 694 pendens

197 687 273 752 Non
294 710 386 752 secus
409 688 543 770 exarsit,
587 712 662 755 nam
684 713 759 755 cum
781 687 948 754 Balearica
969 693 1139 778 plumbum

196 771 312 837 Funda
334 770 430 862 jacite
452 774 543 838 volat
564 712 646 839 illud
670 791 701 840 et
722 774 920 840 incandescit
942 777 1060 858 eundo,

197 855 239 920 Et
261 879 340 942 quos
364 880 431 922 non
451 857 574 938 habuit,
596 862 656 923 snb
676 859 818 923 nubibus
839 857 966 925 invenit
986 861 1090 947 ignes.

196 939 305 1006 Vertit
323 941 398 1022 iter,
421 943 576 1027 coeloque
595 943 673 1029 petit
695 943 823 1010 diversa
845 943 971 1025 relicto,
1245 957 1305 1013 780

197 1023 267 1090 Nec
288 1049 323 1090 se
345 1025 547 1091 dissimulat:
569 1041 657 1093 tauta
677 1044 723 1093 est
741 1028 858 1092 fiducia
878 1030 1017 1094 formae.

196 1109 289 1258 guae
311 1132 505 1195 quamquam
522 1109 607 1200 justa
629 1127 686 1193 est,
709 1135 787 1176 cura
809 1127 917 1177 tamen
940 1112 1074 1204 adjuvat
1094 1115 1200 1196 illam,

226 1197 443 1278 ermulcetque
463 1217 583 1277 comas,
608 1195 887 1285 chlamydemque,
911 1213 947 1262 ut
961 1199 1098 1285 pendeat
1112 1215 1196 1287 apte,

198 1277 355 1359 collocat,
375 1293 411 1342 ut
432 1278 550 1344 limbus
570 1294 738 1364 totumque
757 1297 910 1367 appareat
929 1305 1057 1364 aurum,

195 1360 241 1428 Ut
262 1377 344 1427 teres
365 1362 400 1426 in
423 1365 550 1445 dextra,
573 1387 636 1464 qua
656 1387 788 1430 somnos
812 1364 900 1429 ducit
922 1381 953 1431 et
973 1383 1072 1449 arcet,
1093 1414 1096 1419 -
1242 1377 1302 1432 755

195 1444 297 1532 Virga
313 1447 365 1528 sit,
388 1462 424 1511 ut
444 1449 538 1513 tersis
559 1464 683 1514 niteant
704 1448 817 1514 talaria
861 1449 968 1515 lantis.

195 1530 275 1595 Pars
296 1547 416 1595 secreta
439 1532 553 1597 domus
575 1533 673 1597 ebore
694 1549 725 1598 et
745 1472 904 1598 testudine
925 1534 1028 1600 cultos

195 1614 278 1680 Tres
293 1615 406 1681 habuit
419 1617 589 1698 thalamos,
605 1640 743 1703 quorum
757 1634 804 1699 tu,
826 1616 1007 1700 Pandrose,
1029 1620 1194 1700 dextrum,

167 1705 170 1711 '
194 1699 357 1784 Aglauros
379 1701 522 1783 laevum,
544 1701 689 1767 medium
709 1704 896 1789 possederat
914 1702 1031 1767 Herse.

195 1781 285 1864 Quae
306 1784 410 1850 tenuit
430 1787 573 1867 laevum,
595 1786 780 1853 venientem
800 1786 909 1888 prima
931 1788 1056 1854 notavit
1239 1793 1300 1851 rto

194 1865 403 1949 Mercurium,
426 1894 608 1956 nomenque
629 1872 680 1935 dei
700 1872 846 1937 scitarier
868 1893 947 1934 ansa
971 1887 1018 1936 est

192 1949 233 2016 Et
255 1977 383 2018 causam
401 1956 570 2021 advenum.
615 1952 678 2020 cui
699 1956 745 2020 sic
765 1956 954 2054 respondit:
979 1955 1147 2036 „Atlantis

191 2036 434 2122 „Pleionesque
457 2061 556 2123 nepos
578 2060 638 2121 ego
659 2061 744 2118 sum,
767 2062 821 2121 qm
842 2036 930 2124 jussa
952 2062 1009 2122 per
1031 2062 1126 2101 auras

191 2117 300 2184 Verba
322 2120 422 2206 patris
443 2136 557 2206 porto:
581 2135 673 2204 pater
694 2134 741 2183 est
762 2121 842 2183 mihi
864 2118 993 2204 Jupiter
1013 2120 1094 2207 ipse.

190 2201 262 2268 Nee
283 2207 405 2286 fingam
427 2226 558 2284 causas3
578 2218 615 2266 tu
638 2217 764 2273 tantum
785 2203 850 2267 fida
871 2201 978 2267 sorori
1238 2209 1298 2269 715

189 2286 271 2350 Esse
292 2285 374 2352 velis
394 2286 558 2374 prolisque
576 2310 667 2352 meae
689 2302 861 2353 matertera
880 2286 956 2350 dici.

187 2369 295 2436 Herse
315 2395 409 2436 causa
429 2372 504 2439 riae
524 2390 589 2437 este
611 2372 722 2438 sareas
744 2395 873 2437 oramus
897 2369 1058 2436 amanti.‘.‘

186 2455 337 2543 Adspicit
354 2457 442 2522 hunc
464 2457 565 2522 oculis
585 2457 702 2537 isdem,
725 2456 841 2542 quibus
863 2455 968 2520 abdita
991 2478 1096 2543 nuper

187 2537 323 2605 Viderat
343 2542 507 2626 Aglauros
528 2544 633 2607 flavae
653 2557 775 2606 secreta
797 2539 976 2620 Minervae,

187 2622 315 2709 Proque
333 2624 512 2692 ministerio
532 2625 643 2712 magni
661 2625 724 2690 sibi
743 2625 895 2713 ponderis
919 2647 1037 2688 aurum
1233 2635 1294 2688 750

188 2707 350 2790 Postulat3
372 2710 495 2776 interea
517 2711 606 2776 tectis
627 2711 783 2775 excedere
805 2708 902 2793 cogit.

187 2791 293 2859 Vertit
313 2795 353 2860 ad
373 2796 458 2860 hane
479 2797 565 2861 torvi
588 2795 646 2860 dea
670 2794 783 2859 bellica
806 2791 939 2858 luminis
962 2792 1067 2872 orbes,

144 2994 197 3051 723.
218 2997 327 3050 Phoebe.
359 2998 417 3050 Vid.
438 3015 464 3049 r.
489 3001 550 3052 415.
581 3000 672 3061 leucii.
715 3004 742 3047 et
760 2996 830 3062 Lips.
850 2997 894 3047 2.:
917 2995 963 3046 eui
977 2995 1015 3045 sic
1031 2993 1165 3058 respondit
1175 2995 1292 3047 Atlantis

115 3050 199 3118 Vitv.
214 3067 273 3119 115.
310 3068 370 3121 Var.
384 3077 522 3138 etquonto
535 3078 569 3135 te,
582 3069 672 3134 lascis.
717 3067 887 3133 Pleionesque
904 3078 1001 3132 genus.
1015 3078 1065 3130 ege
1083 3077 1143 3112 eum
1160 3069 1208 3112 etc.
1230 3063 1291 3114 Her.

66 3170 68 3183 .
142 3134 195 3189 125.
212 3153 334 3204 pompae.
352 3136 411 3188 Vid.
426 3140 486 3190 711.
501 3139 560 3193 712.
715 3134 785 3198 XVI,
800 3134 843 3186 62.
1005 3154 1011 3165 ·

142 3203 195 3261 727.
213 3207 333 3273 Buleur,
351 3208 408 3271 qnia
421 3208 517 3258 incolae
536 3207 674 3258 insularum
784 3202 902 3255 Atlantis
914 3201 1012 3269 magni
1021 3199 1190 3267 Pleionesque
1200 3215 1290 3268 nepes.

117 3263 242 3327 ltloariurn
264 3277 396 3327 clarissimi
422 3277 560 3327 funditores
590 3283 672 3326 crant.
751 3271 811 3323 715.
835 3271 910 3322 Goth.
926 3270 961 3332 1.,
976 3269 1076 3336 Para,
1090 3269 1288 3334 blenard.,luu.

116 3335 225 3409 lntlv,
235 3345 295 3397 766.
308 3345 378 3407 XIV,
388 3346 448 3399 825.
464 3346 566 3408 orosa,
578 3343 672 3411 Neap,
715 3347 742 3391 et
754 3340 831 3392 Grou.
844 3340 1020 3409 natefingam.

115 3402 168 3479 ἧι.
181 3414 207 3467 1.
221 3416 259 3478 2.,
274 3413 347 3476 Urb,
361 3414 420 3467 Vat.
430 3415 465 3478 1.,
479 3416 561 3481 Vrat,
573 3415 671 3482 plurimi
719 3460 721 3466 ,
751 3409 811 3462 716.
827 3411 1053 3479 praeemineat,
1067 3425 1104 3491 se.
1113 3410 1228 3491 laturae.

67 3492 71 3513 ¹
115 3473 316 3550 lehcneopr.
329 3484 574 3538 Βηθανία-565
587 3501 671 3552 seras,
750 3479 809 3532 747.
831 3478 947 3532 Heinsius
960 3481 1036 3531 tacite
1049 3487 1132 3530 ommt
1150 3487 1204 3544 eet,
1224 3479 1290 3543 qnod

68 3558 188 3675 ’171
210 3552 659 3677 terebrum
712 3549 1163 3674 {llilitle‘l'liitlhffl·
1178 3546 1287 3609 1111·

66 3668 70 3705 ¹
113 3684 172 3743 tus
184 3660 242 3757 ⁰111,
264 3662 324 3744 etei
393 3662 399 3674 '
462 3660 469 3675 ’
749 3636 931 3752 reclamem,
943 3695 1022 3737 tecta.
1040 3683 1098 3733 vn.
1112 3697 1139 3730 v.
1155 3679 1268 3746 ssasqq.

135 3760 190 3815 732.
209 3762 304 3829 jueta,
318 3763 364 3812 deo
378 3761 461 3824 aigne.
750 3757 810 3814 752.
829 3760 879 3810 deo
892 3757 996 3807 heilica.
1014 3752 1092 3802 Facta
1105 3765 1146 3815 res
1160 3756 1200 3800 est
1210 3750 1287 3801 Athe·

134 3829 190 3883 761.
210 3831 286 3883 coni.
300 3832 344 3895 111,
359 3831 419 3881 556.
713 3828 761 3891 uis,
779 3829 841 3879 urbe
854 3825 984 3876 Minervae
1003 3835 1085 3902 sacra.
1113 3818 1172 3870 Vid.
1185 3835 1211 3871 v.
1226 3819 1286 3876 712.

135 3898 190 3952 716.
209 3902 297 3969 virgo,
317 3902 452 3952 caderem.
472 3899 546 3950 Conl.
566 3898 586 3961 l,
607 3897 668 3952 672.
711 3896 776 3948 Nam
799 3896 914 3947 Minerva
937 3893 984 3941 dea
1008 3889 1077 3940 belh.
1116 3888 1167 3953 Vl,
1189 3890 1230 3942 78.
1250 3920 1286 3933 .-

111 3961 159 4019 itt.
171 3998 205 4013 -·
224 3973 341 4037 talario,
362 3972 531 4021 calceamenta
549 3968 626 4017 alata.
645 3966 667 4030 l,
711 3965 818 4017 luminis
836 3962 918 4013 orbes.
956 3960 1026 4025 Virg.
1046 3960 1109 4011 Aen.
1134 3959 1200 4025 Xll,
1224 3961 1286 4015 676.

111 4031 281 4091 itt-cor.
295 4042 402 4102 berem,
418 4039 493 4091 Goth.
510 4037 545 4097 1.,
561 4035 615 4085 Pal.
629 4036 668 4098 2.,
712 4034 836 4086 ardentes
853 4031 988 4083 oculorum
1004 4031 1085 4083 orbes.
1124 4030 1204 4082 Culex
1222 4032 1284 4086 221.

111 4098 166 4173 lips.
179 4109 205 4161 1.
219 4112 258 4174 2.,
279 4110 364 4174 Vrat,
383 4110 453 4160 multi
472 4107 560 4158 licius.
580 4111 608 4155 et
628 4104 669 4155 ed.
711 4104 812 4154 micant
830 4102 949 4154 ardorem
966 4102 1073 4154 luminis
1090 4100 1171 4151 order.
1209 4101 1286 4152 Orbie

112 4183 139 4235 ll·
150 4176 270 4233 ti'tertt’t.
299 4179 335 4234 Ut
347 4180 476 4244 eleganter
488 4176 618 4244 repetitur.
711 4172 871 4236 singulariter
877 4188 951 4223 unum
958 4173 1056 4222 oculum
1063 4170 1195 4234 significat.
1209 4169 1283 4219 Coei.

137 4231 191 4300 7311.
205 4252 375 4319 persederet,
393 4255 535 4314 occuparat,
556 4243 668 4296 tenebat.
711 4243 797 4293 Amor.
817 4242 837 4306 1,
856 4243 883 4306 8,
904 4241 947 4293 16.
978 4241 1036 4293 Val.
1056 4241 1142 4293 Flacc.
1163 4237 1207 4301 Vl,
1221 4238 1282 4292 246.

70 4310 73 4315 ’
113 4305 197 4375 bete.
210 4319 322 4384 1‚at.-
342 4320 401 4375 ⁷42.
413 4317 667 4383 Arrunte-nepot.
711 4313 806 4379 nemi,
831 4313 934 4376 orna„
960 4310 1035 4362 con.
1057 4310 1082 4361 1.
1102 4310 1140 4370 e,
1166 4305 1225 4387 rae
1245 4307 1287 4387 23,

66 4342 85 4639 ³
115 4376 437 4453 contemnebant,
450 4385 667 4451 tte-oeno,
711 4382 809 4452 hicn,
834 4382 907 4453 bips.
930 4382 960 4441 2.
986 4387 1015 4434 et
1034 4379 1159 4433 meliores
1177 4375 1302 4426 numm

115 4443 208 4524 mm,
229 4459 251 4513 u
264 4459 366 4524 neate„
386 4457 462 4522 nu„
479 4454 569 4522 rm,
583 4454 666 4513 mu.
709 4455 807 4514 cem.
826 4454 1085 4527 semustam.
1098 4446 1264 4507 etanta.

970 4520 1103 4641 ιδ*
