2864 4890
649 188 749 243 traua
769 191 790 242 1.
804 212 805 217 1
1262 198 1314 255 ³³

206 344 390 431 Officioque
409 344 529 433 pedum
551 344 695 433 nymphe
717 359 864 409 contenta
887 345 1025 412 duorum

204 429 351 515 Erigitur
369 429 545 516 metuitque
565 430 667 514 loqui,
689 451 731 494 ne
752 453 843 495 more
863 427 1021 519 juvencae
1252 441 1311 498 745

206 514 344 600 Mugiat,
367 529 399 580 et
419 515 530 580 timide
551 516 652 580 verba
674 515 856 579 intermissa
877 530 1025 583 retentat.

204 597 300 664 Nunc
321 601 381 663 dea
407 598 556 687 Niligena
577 600 696 665 colitur
715 601 924 664 celeberrima
945 602 1052 668 turba.

244 682 334 750 Hinc
355 683 509 772 Epaphus
532 685 643 771 magni
666 684 794 770 genitus
816 685 857 749 de
878 684 1000 750 semine
1021 687 1151 752 tandem

204 766 357 835 Creditur
379 793 446 834 esse
465 767 569 850 lovis,
588 792 709 857 perque
730 771 827 835 urbes
847 768 957 860 juncta
978 773 1105 858 parenti
1139 838 1144 843 ,

203 855 344 940 Templa
367 868 464 918 tenet.
507 853 584 919 Fuit
605 854 681 919 huic
707 854 823 919 animis
846 855 987 939 aequalis
1009 872 1039 920 et
1060 858 1153 922 annis
1216 934 1219 939 Ι
1249 869 1309 921 750

202 936 279 1003 Sole
293 954 381 1003 satus
392 938 578 1016 Phae’thon3
598 963 693 1024 quem
708 940 871 1024 quondam
885 962 1003 1026 magna
1021 941 1204 1026 loquentem

202 1022 271 1088 Nec
293 1023 355 1088 sibi
379 1025 543 1088 cedentem
564 1023 761 1110 Phoeboque
781 1039 915 1111 parente
936 1027 1113 1112 superbum

201 1107 277 1173 Non
297 1108 372 1173 tulit
390 1107 560 1173 Inachides
584 1107 796 1194 ‚,Matrique“
819 1109 863 1174 ait
885 1109 1021 1190 „omnia
1044 1112 1174 1176 demens

201 1191 354 1274 „Credis,
377 1208 407 1258 et
430 1218 462 1258 es
482 1194 624 1258 tumidus
644 1193 798 1280 genitoris
820 1193 963 1279 imagine
984 1195 1099 1261 falsi.“

201 1276 342 1342 Erubuit
363 1277 545 1361 Phaethon,
567 1277 713 1364 iramque
732 1279 855 1366 pudore
874 1280 1033 1366 repressit,
1248 1289 1306 1344 76⁵

201 1360 242 1427 Et
261 1362 337 1427 tulit
358 1364 399 1427 ad
421 1361 603 1452 Clymenen
624 1362 754 1452 Epaphi
775 1362 922 1429 convicia
942 1380 1080 1429 matrem
1087 1389 1097 1447 ;

200 1448 364 1533 „Quoque
379 1449 481 1534 magis
497 1450 616 1531 doleas,
639 1448 823 1536 genitrix,“
844 1449 904 1528 ait,
929 1449 1010 1529 „ille
1025 1473 1085 1534 ego
1101 1449 1195 1530 liber,

200 1531 286 1614 „llle
308 1537 406 1598 lerox
428 1533 525 1599 tacui.
568 1533 674 1600 Pudet
687 1536 771 1599 haec
793 1533 965 1622 opprobria
986 1534 1081 1600 nobis

200 1615 242 1682 Et
263 1617 326 1682 dici
345 1618 497 1703 potuisse,
520 1635 553 1684 et
572 1642 638 1685 non
658 1619 798 1708 potuisse
819 1617 938 1684 refelli.

198 1704 244 1767 At
264 1719 312 1784 tu,
332 1703 360 1767 si
381 1705 478 1769 modo
499 1727 571 1770 sum
593 1704 721 1771 coelesti
742 1703 840 1794 stirpe
864 1719 1001 1786 creatus,
1124 1748 1127 1754 -
1245 1713 1305 1766 760

199 1785 268 1852 Ede
289 1803 400 1853 notam
422 1789 501 1854 tanti
523 1790 661 1876 generis,
684 1813 800 1876 meque
821 1812 927 1854 assere
950 1791 1081 1854 coelo.“

200 1871 308 1954 Dixit,
330 1888 362 1938 et
382 1874 542 1963 implicuit
562 1891 709 1941 materno
732 1875 864 1940 brachia
885 1875 983 1957 collo,

198 1956 325 2042 Perque
346 1982 440 2024 suum
462 1960 665 2048 Meropisque
687 1976 783 2062 caput
804 1960 973 2044 taedasque
995 1978 1157 2041 sororum,

200 2043 373 2124 Traderet,
395 2046 512 2125 oravit,
534 2045 607 2110 veri
628 2045 691 2110 sibi
713 2069 805 2131 signa
827 2043 980 2131 parentis.

197 2127 402 2212 Ambiguum
421 2144 479 2208 est,
505 2127 664 2215 Clymene
686 2129 836 2215 precibus
855 2126 1064 2191 Phaethontis
1086 2149 1129 2188 an
1151 2125 1200 2188 ira
1245 2136 1305 2186 765

199 2209 292 2274 Mota
310 2212 414 2294 magis
437 2212 514 2274 dicti
533 2211 596 2275 sibi
616 2211 782 2292 criminis,
802 2227 937 2294 utraque
959 2211 1050 2273 coelo

198 2293 342 2356 Brachia
364 2294 521 2380 porrexit,
544 2311 754 2382 spectansque
775 2295 815 2359 ad
838 2294 960 2358 lumina
983 2290 1082 2371 Solis,

199 2376 294 2458 „Per
316 2375 413 2464 jubar
432 2379 519 2444 hoc“
540 2379 647 2466 inquit
664 2380 789 2462 „radiis
812 2378 939 2466 insigne
960 2377 1111 2457 coruscis,

198 2459 324 2544 „Nate,
347 2462 406 2526 tibi
426 2461 512 2554 juro,
536 2466 623 2550 quod
644 2489 704 2531 nos
726 2464 876 2550 auditque
897 2463 1058 2549 videtque,

150 2596 209 2649 745.
228 2598 375 2665 metuitque
387 2599 468 2667 loqui.
489 2599 563 2651 Cous.
574 2600 618 2652 IV.
627 2599 687 2656 027.
732 2608 758 2650 et
774 2599 923 2650 vetustiores
944 2600 1030 2650 Heius.
1050 2627 1084 2639 -
1107 2597 1182 2662 Vulg.
1196 2613 1228 2650 en
1245 2616 1303 2666 ego.

151 2666 209 2716 747.
229 2667 370 2736 Niligeaa.
386 2669 427 2719 Sic
440 2670 519 2734 vulg„
537 2687 594 2736 q.c.
604 2670 688 2722 adNi-
730 2670 860 2721 Mendase.
880 2670 916 2720 De
931 2670 975 2721 ille
987 2686 1036 2738 ego
1049 2670 1162 2719 viduet.
1178 2669 1210 2718 ad
1225 2669 1303 2718 Trist.

109 2737 165 2787 lum
180 2743 246 2798 nata,
261 2739 287 2786 h.
301 2752 324 2787 e.
337 2738 499 2806 Aegyptiace.
524 2740 581 2791 Vid.
596 2741 627 2790 ad
642 2739 686 2805 lV,
731 2738 773 2803 IV,
784 2739 825 2802 10,
837 2739 862 2789 1.
875 2769 910 2778 -
923 2740 995 2805 liber,
1011 2740 1051 2805 qui
1065 2739 1127 2788 nihil
1141 2739 1230 2787 timens
1245 2739 1306 2786 dicit

113 2805 175 2857 173.
197 2805 264 2868 Gal,
288 2806 363 2870 Stat,
384 2807 456 2858 Vrat.
477 2823 493 2857 a
515 2809 539 2859 1.
560 2825 605 2872 m.,
626 2826 688 2860 non·
730 2808 838 2872 etfacit,
863 2823 925 2873 quae
938 2809 986 2858 sibi
999 2816 1069 2858 recta
1086 2808 1212 2857 videntur.
1227 2810 1305 2869 seron

111 2874 276 2925 nullilieins
292 2883 317 2926 et
337 2879 377 2927 cd.
398 2877 462 2928 Van.
475 2879 501 2928 2.
528 2879 642 2946 linigero
659 2887 687 2929 ut
730 2877 1304 2945 opponiturlenictplacidoingenio.Gierig.

110 2944 169 2997 Art.
182 2943 213 2993 A.
228 2943 247 3006 l,
265 2944 318 3009 77.,
341 2962 372 2996 ex
388 2963 434 3012 quo
454 2954 536 2997 tamen
557 2950 611 2998 loco
626 2950 688 3000 nihil
764 2947 825 2999 759.
845 2948 937 3008 refelli.
957 2949 1041 2997 Berol.
1058 2955 1084 2996 et
1097 2946 1194 3012 plurimi
1209 2945 1305 2995 Heinsii

111 3013 222 3064 efficitur
234 3015 264 3062 ad
277 3029 330 3064 eam
341 3017 487 3082 scripturam
497 3017 554 3067 huic
564 3018 619 3069 loco
632 3019 687 3068 viu·
728 3018 830 3081 referri.
863 3015 1007 3082 Pcrpcram.
1045 3016 1136 3064 Dresd.
1162 3023 1188 3063 ct
1211 3016 1315 3078 aliquot*

110 3083 253 3133 dicandam.
274 3082 364 3150 Neap,
379 3084 617 3152 0011.2.Ιιιον,1,,
631 3089 687 3157 pln-
730 3087 817 3136 Heins.
837 3086 937 3151 repelli.
971 3083 1068 3147 Reliqui
1081 3083 1173 3143 refelli.
1204 3083 1305 3134 Falsum

112 3151 218 3218 rimi(l)
235 3152 321 3203 lleius.
336 3155 411 3204 etad.
426 3154 490 3205 Veu.
505 3171 529 3205 a.
547 3156 623 3207 1480.
645 3159 688 3207 la·
730 3156 825 3221 Epaphi
833 3152 1306 3203 conviciumrefellendumeratoahn.

111 3237 217 3341 mffl·
228 3222 386 3342 liihtclilelluus
399 3290 493 3342 Twisd.
509 3299 535 3342 et
543 3292 617 3343 Goth.
629 3292 686 3348 1.2.
730 3220 1306 3356 Eitiiiilhmetii<iiiiiiuehicibiiitaatiaiiiliio‹iiiiuussiii

111 3359 188 3425 huic,
213 3361 278 3425 quod
299 3361 329 3410 ab
350 3361 451 3412 Heinsio
478 3370 604 3428 receptum
629 3363 686 3412 edd.
732 3363 852 3428 quendam
871 3362 964 3427 putavi.

112 3445 198 3480 omues
224 3431 363 3496 occupavit.
399 3431 490 3481 Dresd.
508 3431 589 3483 hunc.
618 3431 686 3495 Gal,
768 3432 827 3483 700.
848 3432 968 3482 simodo.
988 3429 1121 3482 vietis.
1143 3429 1250 3494 11,330.

113 3496 206 3563 Ehem,
225 3500 295 3565 Lips.
310 3501 347 3563 2.,
370 3497 442 3551 Vrat.
463 3502 578 3551 etmulti
599 3502 686 3552 Heius.
767 3501 827 3552 701.
846 3519 937 3570 meque
950 3519 1038 3553 assere
1056 3501 1133 3565 coelo,
1153 3501 1253 3550 vindica
1266 3514 1305 3547 me

113 3583 193 3620 nunc.
223 3568 275 3619 Alii
292 3569 379 3620 licius.
401 3577 475 3621 tunc.
515 3571 588 3621 Conl.
608 3571 686 3622 Trist.
731 3572 818 3634 coelo,
844 3572 870 3621 h.
886 3588 910 3621 e.
926 3573 1024 3621 divinae
1039 3570 1126 3633 origini
1142 3585 1178 3618 sc.
1195 3567 1305 3617 Phoebo.

114 3636 157 3700 IV,
171 3637 213 3700 10,
228 3639 254 3688 5.
270 3664 301 3676 -
322 3638 382 3690 740.
398 3638 514 3706 parenti,
528 3641 591 3691 loni.
613 3641 685 3691 Cant.
767 3641 827 3696 702.
848 3641 921 3692 Conf.
936 3656 962 3690 v.
979 3641 1038 3692 734.
1061 3669 1086 3675 -
1109 3637 1168 3686 703.
1189 3635 1306 3699 Merops,

110 3708 241 3772 pareatis.
266 3706 358 3758 lustin.
379 3708 410 3759 ll.
431 3725 454 3759 c.
474 3709 514 3758 14.
547 3710 688 3764 Athenien
730 3727 777 3763 rcx
791 3712 939 3777 Aethiopum
952 3725 1028 3776 prope
1040 3709 1195 3771 Aegyptum,
1215 3703 1308 3766 conjux

114 3777 182 3828 ιίιιιιι
193 3779 280 3828 virtus
293 3778 383 3829 ceteris
393 3780 527 3845 praelata.
731 3782 779 3833 tuit
793 3781 926 3848 Clymenes
944 3779 988 3844 (11,
1004 3774 1077 3837 184.)
1100 3780 1125 3821 et
1144 3779 1215 3836 pater
1235 3780 1307 3839 puta-

148 3846 208 3897 750.
229 3846 333 3912 animes,
347 3849 463 3914 superbia
476 3864 505 3899 ac
519 3847 616 3915 spiritu.
729 3853 795 3901 tivus
808 3848 978 3899 Phaethontis.
998 3871 1031 3883 -
1047 3843 1164 3908 Sorores,
1178 3842 1306 3896 Heliades.
1335 3891 1336 3894 ,

148 3915 209 3967 751.
231 3933 334 3984 magno
344 3918 397 3985 loq.
412 3917 457 3981 lX,
472 3917 593 3980 31.x111‚
607 3919 668 3974 222.
731 3919 764 3983 ll,
782 3919 832 3968 340
841 3932 895 3980 sqq,

148 3983 208 4037 752.
227 4002 295 4052 „nec
306 3987 358 4036 eibi
369 3987 447 4052 (lovis
459 3987 521 4052 lilio)
530 3986 688 4039 cedentem.“
768 3987 828 4037 705.
850 3981 976 4044 Heinsius,
988 3987 1017 4030 ut
1027 3981 1155 4047 permultis
1166 3983 1222 4032 aliis
1233 3984 1305 4046 locis,

147 4054 208 4106 753.
229 4055 376 4122 Inachides,
390 4063 417 4106 ut
428 4073 504 4123 nepos
513 4057 606 4106 Inachi.
623 4057 703 4105 Com.
732 4056 809 4106 tacite
832 4062 872 4105 est
895 4052 1002 4115 delevit,
1029 4052 1093 4118 quod
1116 4053 1188 4103 abest
1209 4068 1224 4102 a
1249 4053 1305 4102 cod.

115 4130 195 4175 strue:
216 4133 263 4191 „ct
277 4127 333 4177 ait:
350 4128 433 4177 matri
443 4126 530 4176 omnia
543 4124 655 4175 credie.“
733 4127 841 4187 Bersm.,
855 4123 950 4186 Berol.,
967 4121 1035 4185 Gau,
1056 4121 1130 4172 Goth.
1144 4124 1170 4176 2.
1185 4130 1210 4172 et
1225 4121 1305 4171 ereu.

147 4194 209 4244 754.
229 4203 256 4246 et
267 4211 296 4244 es
308 4197 435 4249 tumidus.
457 4195 530 4246 Conf.
543 4193 612 4256 Vlll,
628 4191 688 4243 300.
770 4193 829 4243 700.
850 4194 1055 4260 computrescit,
1069 4193 1120 4241 dat.
1139 4208 1183 4258 pro
1202 4192 1239 4241 ad
1251 4206 1307 4240 cum

56 4284 75 4351 p
115 4264 236 4331 —salei,
249 4264 431 4321 ficu-tto.
445 4272 491 4331 „et
503 4265 567 4316 tulit
579 4264 616 4314 ad
629 4263 689 4329 cly—
732 4279 827 4326 accus.,
847 4264 911 4330 apud
930 4269 1017 4330 poetas
1032 4262 1149 4326 frequens
1164 4262 1252 4310 oratio.
1273 4260 1306 4321 ll,

115 4348 203 4386 nmen
220 4343 333 4386 matrem
351 4351 431 4387 auem
447 4335 563 4385 convicia
581 4330 692 4400 Epaphi
733 4334 793 4384 580.
813 4333 844 4398 11,
860 4331 980 4394 347.1Χ,
998 4331 1059 4382 408.
1073 4331 1117 4392 111,
1136 4329 1196 4379 005.
1211 4329 1305 4392 lues.

109 4401 163 4464 filit
172 4404 228 4470 lut,
236 4412 263 4456 et
275 4405 315 4457 ait
327 4405 454 4471 (adjicit):
469 4405 617 4473 quomagie
627 4441 632 4452 .
644 4440 651 4453 .
662 4400 690 4452 .“
769 4402 828 4455 707.
847 4403 951 4465 Drasd,
970 4400 1045 4453 Goth.
1066 4399 1090 4449 1.
1112 4405 1138 4448 et
1157 4415 1212 4450 exc.
1233 4398 1306 4448 Cant.

147 4472 208 4524 757.
229 4474 347 4542 illeegc.
374 4474 413 4525 ltu
424 4474 520 4537 berch,
536 4473 603 4537 urs,
620 4473 689 4537 Gan,
734 4492 784 4544 que
801 4474 926 4525 omittunt.

117 4539 191 4594 tou.
203 4545 231 4600 2.
247 4558 292 4610 pro
305 4559 332 4595 v.
346 4544 378 4609 1.,
397 4543 421 4595 11
434 4542 489 4596 Pal.
503 4543 596 4608 Geth,
610 4542 689 4595 unca.
770 4544 830 4596 700.
852 4540 923 4609 qnod
933 4554 981 4590 not
994 4535 1125 4665 audgtque
1137 4535 1265 4599 videtque,
1283 4538 1310 4580 ut
