2864 4890
23 3296 31 3306 ·
108 3263 186 3319 done.

648 134 801 189 crenus.
989 160 996 173 ·
1233 139 1308 203 m

203 283 289 351 Cum
309 285 439 351 tandem
460 301 546 352 terra
566 286 726 372 requievit
743 288 826 353 fessa
850 285 993 371 Sabaea3
1245 297 1308 356 480

203 369 336 455 Vixque
358 369 441 436 uteri
463 372 612 458 portabat
634 395 727 437 onus.
771 373 863 439 Tum
884 375 990 439 nescia
1012 375 1082 440 voti

202 455 311 539 Atque
332 454 417 520 inter
438 456 613 542 mortisque
633 472 737 522 metus
759 474 789 524 et
815 458 918 523 taedia
940 458 1027 524 vitae

202 538 260 605 Est
281 542 359 605 tales
382 541 551 628 complexa
575 565 704 628 preces:
726 542 836 625 „„O,
859 544 886 608 si
908 567 969 630 qua
991 543 1104 632 patetis

204 669 228 706 „
239 624 408 706 „Numina
429 626 601 708 confessis,
622 629 729 691 merui
749 652 809 692 nec
831 629 920 693 triste
942 651 1056 693 recuso

204 708 409 797 Supplicium
417 735 427 790 3
450 711 525 791 sed,
548 735 589 775 ne
613 711 736 777 violem
756 711 915 797 vivosque
935 728 1107 813 superstes,
1243 717 1304 776 485

203 795 395 879 illortuaque
418 796 611 875 exstinctos,
632 797 787 862 ambobus
810 799 918 884 pellite
941 821 1061 883 regnis,

200 878 405 964 Mutataeque
423 879 505 944 mihi
524 880 688 967 vitamque
709 905 884 967 necemque
904 885 1097 968 negate!““

200 962 333 1029 Numen
355 964 510 1030 confessis
528 965 657 1050 aliquod
679 982 783 1054 patet3
806 969 921 1033 ultima
940 982 1026 1032 certe

200 1048 285 1114 Vota
308 1072 383 1114 suos
404 1050 546 1115 habuere
568 1051 655 1116 deos.
698 1050 786 1116 Nam
807 1076 902 1118 crura
920 1051 1081 1137 loquentis

201 1134 309 1199 'l'erra
331 1134 534 1221 supervenit,
558 1151 732 1222 ruptosque
755 1137 884 1222 obliqua
907 1161 966 1225 per
985 1159 1111 1223 ungnes
1243 1139 1305 1198 teo

119 1278 123 1287 .
200 1217 389 1304 Porrigitur
410 1219 523 1302 radix,
544 1220 635 1307 longi
656 1222 838 1286 firmamina
859 1221 977 1304 trunci,

201 1303 347 1388 Ossaque
367 1305 469 1369 robur
487 1320 605 1390 agunt,
631 1306 798 1392 mediaque
820 1323 969 1372 manente
986 1306 1128 1371 medulla

200 1384 341 1473 Sanguis
361 1387 386 1453 it
410 1389 444 1453 in
466 1413 576 1471 sucos,
597 1389 633 1454 in
655 1416 789 1479 magnos
811 1392 943 1457 brachia
965 1415 1085 1473 ramos,

200 1470 238 1536 ln
258 1497 377 1559 parvos
399 1474 509 1559 digiti,
533 1477 669 1540 duratur
689 1476 808 1542 cortice
828 1475 934 1565 pellis.

197 1556 333 1642 Jamque
352 1582 487 1643 gravem
508 1584 652 1625 crescens
675 1577 805 1627 uterum
827 1561 1081 1649 praestrinxerat
1099 1559 1208 1640 arbor,
1239 1562 1299 1621 495

197 1642 396 1743 Pectoraque
417 1645 585 1728 obruerat,
608 1647 792 1733 collumque
815 1648 942 1735 operire
963 1646 1113 1736 parabat:

197 1726 274 1792 Non
296 1730 369 1793 tulrt
389 1728 444 1794 illa
466 1754 612 1813 moram,
634 1731 840 1817 venientique
860 1732 956 1798 obvia
978 1731 1069 1817 ligno

197 1811 366 1895 Subsedit,
389 1815 561 1901 mersitque
582 1840 659 1880 suos
679 1817 715 1881 in
742 1816 861 1882 cortice
883 1817 1005 1882 vultus.

197 1897 289 1979 Quae
299 1944 310 1979 ,
334 1922 517 1984 quanquam
537 1900 644 1965 amisit
662 1917 787 1968 veteres
805 1927 880 1966 cum
903 1924 1039 1986 corpore
1062 1922 1185 1978 sensus,

195 1980 267 2047 Flet
288 1998 414 2067 tamen,
437 1998 469 2049 et
489 1985 615 2072 tepidae
636 2002 769 2052 manant
789 2011 832 2050 ex
855 1987 971 2048 arbore
993 1999 1113 2070 guttae.
1238 1990 1298 2043 500
1368 2061 1372 2072 μ

149 2187 211 2237 480.
229 2193 304 2237 terra
316 2185 423 2236 Sabaea
435 2186 505 2248 regio
517 2186 626 2238 Arabiae
647 2188 685 2238 le·
727 2187 827 2238 variare
859 2187 991 2237 secundum
1022 2185 1131 2237 Nasonis
1161 2182 1296 2247 ingenium.

112 2256 179 2306 licis.
728 2256 825 2307 Gieri
854 2293 860 2306 .
1353 2305 1355 2308 ⁴

148 2322 209 2374 481.
228 2321 316 2374 nescia
327 2322 394 2388 noti,
409 2324 494 2374 nescia
506 2323 563 2389 quid
576 2331 682 2389 optaret.
762 2274 1062 2393 dibglrraestrinaerat.
1104 2321 1209 2388 Quidam
1222 2319 1295 2370 codd.

148 2392 209 2443 483.
235 2393 379 2457 complexa.
410 2392 506 2444 Arond.
531 2400 557 2443 et
580 2392 614 2444 Vl
640 2395 683 2444 alii
727 2394 837 2456 Gilanii,
864 2395 950 2457 Flos,
981 2392 1057 2444 Goth.
1079 2391 1120 2458 l.,
1151 2406 1207 2441 axe.
1228 2388 1294 2449 lun,

113 2462 318 2513 Heinsexorsa.
344 2461 683 2514 llectebobetontoinmre-
726 2464 817 2517 Medic.
838 2465 881 2528 3.,
909 2464 975 2527 On,
1001 2461 1099 2525 libem,
1127 2459 1211 2526 spis,
1237 2457 1296 2509 Vlll

112 2533 234 2597 liquorum
247 2533 320 2582 codd.
334 2539 359 2582 et
372 2538 433 2582 vett.
455 2533 512 2582 edd.
533 2533 682 2584 auctoritate
725 2534 812 2585 Heius.
827 2542 853 2585 et
864 2535 905 2584 ed.
919 2549 957 2599 pr.
973 2530 1176 2601 perstrinxerat.
1202 2527 1294 2580 Medic.

112 2602 257 2652 continuata
270 2601 391 2666 scriptura
404 2608 444 2652 est
457 2603 600 2670 complexa,
616 2618 641 2668 q.
656 2621 680 2653 e.
723 2604 750 2658 2.
765 2611 790 2655 et
802 2603 880 2670 Nenp.
903 2603 1111 2654 constrinxerat.
1147 2598 1227 2650 Vetus
1240 2597 1301 2650 dit·

113 2673 238 2738 concepit.
264 2670 341 2733 xiv,
372 2672 433 2722 305.
460 2671 533 2735 Vllt,
566 2672 625 2724 084.
646 2702 681 2713 -
723 2675 798 2737 cod,
830 2672 893 2724 Urb.
918 2680 944 2722 et
968 2671 1001 2723 lll
1020 2670 1107 2722 lleins.
1129 2675 1250 2739 praestr.
1271 2665 1294 2717 ll

75 2759 80 2782 ι
109 2750 205 2810 patent
221 2741 348 2803 numina,
376 2742 483 2806 adquae
497 2741 579 2792 facilis
599 2743 680 2794 aditus
723 2744 809 2794 lleins.
833 2748 1046 2812 praestmaerat.
1090 2740 1189 2806 Reliqui
1211 2754 1303 2804 prae--

113 2819 167 2874 est,
186 2826 250 2877 quae
263 2811 368 2877 propitia
380 2818 447 2862 sunt.
723 2813 850 2866 cinxerat.
890 2812 1083 2864 Perstrinscerat
1095 2826 1143 2860 non
1163 2807 1293 2860 terendum

147 2898 208 2949 484.
229 2899 370 2963 confessis,
397 2898 437 2964 qui
457 2898 563 2961 ingenue
582 2898 680 2964 culpem
723 2890 778 2964 {Sis
809 2883 873 2948 l¹1⁰d
899 2883 967 2932 84144
984 2895 1096 2948 immi
1121 2883 1294 2947 mimmii

111 2967 220 3017 confessi
233 2974 300 3017 sunt.
722 2969 759 3002 sin
773 2960 855 3003 sutem
869 2953 914 3002 hoc
928 2951 1037 3011 iactum,
1057 2949 1178 3014 quomodo
1191 2946 1237 2997 snb
1251 2961 1293 2996 ar-

147 3036 208 3086 486.
234 3037 358 3088 ambobus
381 3037 488 3104 regnis,
516 3035 629 3085 vivorum
653 3041 680 3086 et
721 3022 782 3072 bore
806 3037 921 3072 crescere
947 3020 1026 3099 potnit
1048 3019 1141 3099 inians.
1178 3017 1211 3099 At
1225 3029 1293 3082 pras

109 3113 271 3156 mortuorum.
721 3091 832 3142 refertur
844 3090 875 3139 ad
888 3096 1028 3149 exteriore,
1042 3093 1070 3136 ut
1081 3102 1106 3135 ιιι
1116 3101 1293 3152 praecingere

721 3166 747 3208 st
759 3159 893 3210 similibus.
913 3157 976 3207 ilinc
983 3157 1210 3223 praestrinxerat,
1225 3169 1250 3218 q.
1264 3169 1289 3204 e.

721 3229 791 3277 velut
802 3227 901 3277 vinculo
921 3225 1051 3288 cinxerat,
1075 3240 1162 3274 verum
1180 3223 1288 3286 videtur,

143 3331 204 3381 489·
229 3347 306 3391 m,
337 3343 447 3392 ηψπ,
476 3327 605 3392 Propino&
631 3325 676 3389 qv,
721 3298 794 3361 cujus
806 3297 890 3360 glossa
898 3296 1100 3362 praecinxerat.
1133 3294 1170 3345 lb.
1185 3309 1211 3344 v.
1226 3290 1287 3343 551.

108 3401 169 3451 373,
207 3397 359 3459 οοῃ1,Χν,
379 3395 486 3447 821.-
509 3397 600 3458 eant„
620 3395 674 3446 Ριι,
793 3382 859 3434 Utus
875 3382 1014 3452 Syracosia
1029 3383 1194 3449 praestricta
1213 3384 1291 3442 leuca

109 3471 152 3532 1.,
173 3467 438 3530 llben.,llllleins.,
458 3464 511 3515 Pal.
526 3467 552 3518 2.
567 3473 593 3515 et
604 3464 675 3531 Lips.
925 3460 1029 3520 poetae.
1070 3522 1077 3537 ‚
1136 3523 1143 3536 ο

108 3539 133 3591 1.
147 3555 210 3589 ιιαιιι
223 3538 289 3601 (Pal.
303 3539 330 3592 2.
344 3543 370 3586 et
381 3534 451 3601 Lips.
465 3536 528 3601 nen)
544 3536 626 3602 plara
638 3537 677 3586 la·
719 3520 782 3572 '1⁸⁸⁰-
795 3521 861 3604 dmi·
880 3520 939 3573 Xll·
958 3539 981 3607 q·
1002 3522 1046 3575 47.
1065 3523 1209 3606 sodaltcurt
1226 3522 1290 3572 dert-

106 3608 204 3676 qusnti.
223 3606 296 3658 Leid.
311 3623 363 3656 non
371 3606 453 3672 plara
466 3605 605 3673 loquentis.
625 3603 676 3656 lis-
718 3599 775 3644 irat
783 3591 944 3676 praesesque
960 3600 1028 3646 enter
1046 3609 1073 3644 ss
1089 3608 1192 3643 uincere
1207 3589 1289 3668 aedq-

105 3678 166 3742 liqui
179 3693 242 3729 nans
255 3692 335 3727 arara
348 3675 485 3742 toarensis.
718 3678 768 3729 que
775 3670 986 3729 praestringere.
1000 3690 1034 3703 -
1053 3676 1179 3728 gravere,
1204 3671 1290 3720 graut-v

140 3764 202 3815 400.
222 3772 296 3817 terra
320 3763 482 3830 superescit,
520 3770 589 3814 terra
608 3768 675 3814 tecta
718 3732 785 3782 ‘¹⁰⁰¹‘
823 3729 996 3782 Vid·l·5⁰5·
1044 3813 1050 3826 .

104 3841 172 3885 sont.
754 3817 815 3867 400.
835 3818 975 3880 obmerat,
995 3820 1093 3881 penitus
1105 3817 1213 3875 texerat,
1228 3826 1288 3862 con-

139 3903 202 3955 482.
221 3903 301 3953 robur
320 3918 400 3968 agere
417 3901 509 3951 dieitur
527 3909 555 3952 ut
573 3901 675 3952 radices
718 3886 826 3936 ‘ildemi-

105 3990 195 4041 agere.
222 3971 286 4022 Nam
298 3973 377 4022 robur
388 3971 414 4020 h.
428 3971 447 4020 1.
462 3977 501 4020 est
512 3970 626 4037 lignum.
640 3997 676 4006 ··-
753 3970 814 4019 408.
833 3969 964 4034 subsedit,
983 3985 1011 4019 sa
1028 3969 1083 4035 ipsa
1098 3967 1215 4030 demisit,
1238 3984 1286 4034 qua

104 4043 168 4094 Cod.
190 4042 270 4104 Are,
296 4041 405 4103 Drasd,
431 4038 509 4107 Thys.
534 4046 560 4088 et
579 4038 674 4088 Zwicc.
717 4039 1090 4104 citinslignunrsuperveniret.
1127 4037 1186 4090 Vid.
1201 4037 1226 4102 1,
1241 4036 1285 4090 43.

103 4112 191 4164 ”lidia
203 4117 363 4162 4413334319·
754 4125 814 4175 500.
830 4129 881 4193 flet
898 4132 995 4178 mmsis.
1040 4125 1122 4177 Etiam
1140 4124 1244 4176 Locret.
1264 4125 1284 4187 l,

139 4199 201 4250 484.
221 4199 340 4249 duratur
352 4195 462 4255 cortice,
481 4194 506 4243 in
519 4193 606 4242 durum
619 4208 676 4242 eor·
720 4194 781 4244 350.
794 4199 862 4263 flere
873 4196 898 4244 in
916 4196 982 4247 sucis
1001 4195 1199 4246 destillantibus:
1222 4195 1286 4246 aba·
1352 4252 1360 4274 ⁸

103 4269 179 4319 ticem
203 4273 322 4318 mutatur.
366 4264 465 4314 Similes
488 4262 626 4329 puellarum
650 4262 676 4312 in
717 4264 792 4315 ribus
803 4268 872 4332 flent
888 4267 977 4317 omnia
996 4265 1075 4318 sucis.
1119 4263 1221 4332 llyrrbn
1241 4278 1287 4314 au-

105 4338 209 4388 arbores
235 4335 384 4387 notationes
408 4331 505 4399 suntl,
537 4332 587 4383 548
604 4347 674 4397 seqq.
718 4335 1003 4400 temimtexdrabisa,
1021 4350 1114 4401 exque
1132 4334 1211 4384 inciso
1230 4339 1286 4397 gut⁴

104 4407 145 4471 ll,
166 4405 244 4470 343,
266 4404 318 4468 111,
339 4402 386 4454 351
401 4419 490 4469 seqq,
518 4402 582 4452 unde
602 4402 677 4452 intel·
718 4411 760 4454 tae
777 4411 892 4470 manant,
927 4421 990 4472 quae
1016 4406 1041 4455 in
1061 4403 1241 4455 odoratissimis
1261 4409 1287 4453 at

104 4477 185 4543 liges,
202 4476 278 4527 etism
291 4475 316 4524 in
327 4472 460 4525 simillimis
476 4471 553 4524 rebus
565 4471 678 4523 cmviter
718 4474 906 4542 pretiosissimis
946 4473 1080 4539 sumentis
1119 4472 1287 4524 debebantur.

144 3192 203 3243 488.
221 3193 332 3256 ultima,
352 3207 389 3242 sc.
404 3191 448 3242 illa
465 3191 497 3240 de
513 3189 679 3240 transforma-
