2864 4890
431 184 439 195 .
539 131 876 210 romonolo.
1243 155 1305 213 xtra

113 308 281 375 benevolis
308 321 388 397 peto·
411 315 449 368 ut
476 321 520 370 ne
546 322 703 391 quaerant
723 330 822 392 quam
849 308 952 375 multa
978 308 1198 389 emendarims
1226 332 1305 377 nam

116 413 221 477 multa
240 435 319 478 sane
347 410 669 481 emendanda-suere
691 424 723 476 et
748 425 797 476 tot
825 411 895 475 fere
925 434 985 496 ego
1011 411 1100 479 locos
1127 411 1188 476 sub
1214 410 1304 477 criti·

115 536 198 578 cam.
211 515 330 581 vocavi
360 534 438 602 quot
465 513 577 585 vitiosi
604 535 671 577 esse
700 525 731 576 et
758 512 883 576 medela
914 511 1062 598 indigere
1087 513 1303 580 videbantort

114 617 173 680 scd
193 617 233 680 ad
256 617 340 682 illud
364 619 470 707 potius
492 615 593 684 velim
614 613 783 678 intendant
804 613 948 695 animos,
976 638 1040 700 quo
1060 613 1152 704 jure,
1183 629 1303 701 quanta

116 731 265 783 veterum
291 720 461 785 librorum
475 717 683 796 anctoritate,
707 729 825 799 quanta
854 715 1037 782 Ovidianae
1065 716 1193 783 dicendi
1221 740 1303 783 con·

112 820 294 886 suetudinis
324 822 529 889 observantia
552 834 582 885 et
603 841 701 904 quam
723 819 804 882 bene
826 817 995 905 explicatis
1017 818 1122 885 causis
1150 833 1182 885 et
1199 843 1302 908 arga·

113 922 361 989 mentis-ubivis
383 947 402 988 a
423 924 583 1012 scriptura
604 922 738 1004 vulgata
761 918 973 986 discesserim.

153 1060 156 1064 ⁴
179 1058 182 1062 ⁷
201 1025 242 1093 ln
264 1026 503 1091 commentariis
525 1021 698 1110 exegeticis
720 1021 774 1106 qui
792 1038 952 1087 vocantur
974 1038 1006 1088 et
1025 1022 1301 1112 interpretatione,

115 1129 202 1216 quod
225 1143 275 1194 est>
293 1129 430 1194 alterum
449 1149 568 1192 munus
598 1122 762 1200 constituti
784 1123 907 1209 operis,
930 1149 1008 1190 cura
1029 1125 1111 1207 fuit,
1133 1141 1171 1191 ut
1199 1150 1299 1212 quae-

115 1255 244 1318 cunque
266 1231 407 1317 aliquam
430 1231 730 1296 difficultatemaut
759 1225 987 1292 obscuritatem
1013 1242 1070 1292 aut
1096 1229 1301 1297 insolentiam

114 1334 235 1399 lrabere
256 1333 470 1415 videbantur,
492 1332 612 1411 verba,
642 1326 815 1408 dictiones,
842 1343 1040 1412 structuras,
1070 1330 1149 1396 item
1171 1331 1300 1398 ¹oratio·

115 1435 166 1500 nis
206 1435 379 1521 elegantias
420 1450 452 1500 et
484 1433 585 1515 vitia,
619 1429 699 1495 item
736 1451 787 1493 res
826 1429 1011 1513 historicas,
1055 1433 1299 1520 geographicas,

115 1537 244 1602 fabulas
266 1552 297 1602 et
318 1537 520 1622 antiquitates
543 1557 624 1620 quae
646 1531 798 1596 dicuntur
825 1555 1023 1619 exponerem
1050 1558 1102 1616 ac,
1115 1535 1208 1602 brevi
1239 1558 1300 1603 au·

117 1639 281 1704 notatione
304 1639 513 1704 illustrarem.
550 1634 762 1720 Singularem
783 1656 864 1698 vero
886 1658 1018 1721 operam
1040 1637 1133 1723 posui
1159 1637 1195 1702 in
1222 1660 1300 1703 ora·

116 1741 205 1806 tione
225 1740 430 1822 Nasoniana,
452 1739 604 1818 vocibus,
620 1734 747 1800 dicendi
765 1736 880 1801 formis
902 1750 933 1800 ct
953 1737 985 1801 id
1009 1760 1111 1824 genus
1133 1738 1205 1803 aliis
1226 1738 1301 1824 qui·

115 1843 176 1908 bus
197 1860 310 1930 poetae
330 1843 413 1907 ratio
437 1857 468 1907 et
490 1842 592 1907 oratio
621 1838 842 1926 cognoscitur,
873 1839 1086 1926 explicandis.
1129 1842 1237 1925 Atque
1264 1840 1301 1907 iu

116 1944 179 2009 lroc
200 1945 434 2032 interpretandi
456 1945 586 2030 negotio
609 1943 654 2009 ita
674 1944 865 2030 plerumque
887 1964 960 2005 snm
981 1956 1147 2024 versatus,
1173 1957 1210 2007 ut
1230 1942 1301 2030 pri·

115 2069 206 2110 mum
228 2069 279 2112 res
307 2047 391 2135 ipsas
420 2048 564 2112 breviter
591 2045 798 2132 expedirem,
829 2057 899 2107 tum
925 2043 983 2107 ubi
1010 2067 1089 2131 opus
1117 2045 1299 2124 videbatur,

116 2148 316 2234 argumentis
344 2165 375 2213 et
403 2149 484 2212 locis
511 2146 685 2212 simillimis
717 2170 755 2210 ac
781 2145 971 2210 testimoniis
1002 2169 1046 2209 ex
1071 2146 1141 2234 ipso
1169 2145 1301 2214 Nasone

115 2263 173 2315 aut
201 2249 332 2311 aliunde
360 2248 466 2334 petitis
495 2250 740 2327 confirmarem,
769 2246 906 2331 denique
934 2263 1079 2313 auctores
1107 2250 1191 2337 apud
1220 2273 1319 2335 quosx

112 2373 169 2416 res
192 2349 321 2413 eaedem
342 2347 491 2414 subtilius
509 2349 688 2436 explicatae
710 2363 740 2414 et
760 2347 891 2413 uberius
912 2364 1064 2414 tractatae
1081 2350 1300 2437 reperiuntur,

114 2451 262 2517 citarem.
306 2450 403 2535 Quod
426 2465 534 2515 autem
554 2453 594 2515 ad
617 2450 792 2517 annotandi
812 2451 945 2515 modum
973 2454 1004 2516 e't
1032 2452 1189 2517 ambitum
1219 2453 1301 2518 atti-

117 2568 192 2635 net,
225 2569 330 2619 certos
375 2553 568 2619 constituere
596 2556 693 2636 fines,
739 2576 818 2638 quos
855 2552 1041 2643 hujusmodi
1073 2547 1303 2622 commentatio

114 2677 274 2739 nusquam
299 2654 455 2735 excedat,
485 2656 625 2720 arduum
654 2672 716 2736 est3
744 2655 777 2719 id
815 2658 899 2740 quod
936 2659 991 2722 vel
1025 2681 1068 2722 ex
1092 2682 1133 2724 eo
1167 2675 1301 2746 apparet

115 2758 200 2842 quod
223 2758 262 2820 de
284 2771 331 2822 tot
351 2757 432 2822 viris
456 2758 578 2840 doctis,
599 2757 655 2842 qui
677 2756 754 2822 talia
776 2757 993 2844 scripserunt,
1024 2783 1163 2845 quorum
1183 2761 1220 2825 in
1241 2762 1301 2826 hac

116 2881 155 2923 rc
181 2858 374 2944 gravissima
402 2874 449 2924 est
477 2859 668 2941 auctoritas,
699 2884 739 2925 ue
767 2858 846 2924 duos
874 2860 1004 2944 quidem
1032 2860 1069 2925 in
1093 2862 1154 2927 hoc
1181 2886 1302 2949 genere

116 2982 248 3046 prorsus
275 2961 456 3026 consentire
478 2961 638 3027 videmus.
683 2961 792 3046 Atque
814 2963 910 3028 habet
930 2962 990 3027 ista
1019 2986 1071 3028 res
1097 2979 1213 3029 natura
1241 2987 1300 3031 sua

116 3076 150 3125 et
175 3060 244 3148 ipso
273 3087 392 3148 genere
422 3063 543 3150 aliquid
580 3063 740 3128 incertum
777 3087 815 3127 ac
841 3063 1001 3146 liberum,
1037 3067 1142 3130 neda
1170 3068 1301 3135 diverso

117 3165 354 3229 commentandi
376 3167 440 3229 fine
462 3181 557 3251 atque
580 3165 716 3231 consilio
746 3165 882 3249 dicatur.
926 3164 998 3250 Ego
1027 3190 1107 3232 vero
1135 3169 1212 3234 satis
1240 3171 1302 3235 ha·

116 3265 200 3329 bebo
221 3265 502 3352 largissimumque
533 3265 629 3355 hujus
655 3265 777 3330 laboris
807 3265 945 3353 pretium
971 3268 1182 3353 existimabo,
1210 3271 1238 3336 si
1266 3272 1301 3338 id

117 3383 305 3433 consecutus
327 3369 408 3450 sim,
430 3392 471 3432 ne
494 3367 583 3452 quis,
608 3366 663 3453 qui
685 3369 763 3432 haec
785 3368 927 3433 carmina
956 3371 1096 3458 penitius
1118 3366 1302 3460 intelligere

120 3467 236 3555 cupiat,
260 3469 507 3536 commentarios
529 3494 617 3535 meos
639 3471 760 3535 frustra
783 3472 939 3554 consulat,
963 3474 1017 3538 sed
1039 3474 1074 3539 in
1100 3477 1199 3565 copiis
1221 3477 1302 3543 meis

118 3568 329 3636 desideratam
357 3571 465 3637 ubivis
495 3596 590 3659 opem
618 3588 649 3638 et
680 3572 841 3637 auxilium
864 3573 1014 3661 reperiat.
1058 3575 1113 3642 De
1135 3602 1302 3642 commen·

116 3670 206 3736 tariis
228 3673 433 3761 superiorum
456 3674 616 3739 editorum
636 3690 702 3739 tam
723 3674 758 3739 in
780 3676 987 3741 annotatione
1010 3677 1121 3741 critica
1149 3701 1245 3762 quam
1266 3679 1303 3746 in

114 3773 241 3857 reliqna
264 3776 531 3841 commentatione
554 3778 689 3842 eandem
714 3777 784 3842 sere
810 3778 899 3842 tenui
929 3777 1108 3860 rationem,
1140 3804 1238 3866 quam
1265 3782 1302 3850 in

115 3876 355 3941 editione'mea
385 3877 548 3943 Tristium
577 3895 608 3942 et
634 3877 830 3943 Heroidum.
882 3876 1041 3941 Omnium
1067 3904 1180 3970 operas
1207 3902 1302 3971 atque

114 3978 222 4064 copias
246 3979 354 4044 ubivis
377 3979 549 4065 diligenter
572 3980 715 4061 excussi,
740 3993 771 4042 et
796 4000 877 4061 quae
898 4001 1012 4045 manca
1035 4003 1149 4068 esseut,
1172 3990 1302 4076 expleta

116 4093 149 4143 et
171 4081 360 4162 emendata,
386 4104 467 4165 quae
488 4104 571 4146 vero
591 4082 693 4166 proba
720 4080 949 4166 commodeque
971 4087 1150 4173 explicata,
1174 4089 1302 4176 integra

113 4180 194 4268 ipsis
216 4183 407 4269 plerumque
429 4181 626 4269 scriptorum
656 4181 766 4247 verbis
795 4183 930 4248 servatis
960 4201 991 4251 et
1019 4188 1198 4278 subjunctis
1219 4214 1301 4276 quo·

114 4307 178 4367 que
202 4284 388 4349 nominibus
409 4283 445 4349 in
466 4306 555 4348 meos
586 4283 834 4349 commentarios
861 4289 1061 4376 transcripsi.
1099 4290 1219 4378 *Neque
1251 4307 1302 4357 ta·
1336 4358 1342 4369 ,

110 4407 189 4450 men
211 4385 330 4472 ubique
354 4386 409 4462 diu
431 4384 594 4472 quaesivi,
617 4407 659 4450 an
681 4408 763 4471 quae
778 4409 838 4474 ego
860 4406 1070 4474 annotarem,
1091 4390 1159 4483 jam
1172 4396 1213 4460 ab
1229 4393 1304 4459 aliis
1368 4387 1373 4392 ’
