2864 4890
568 175 672 230 0VlDll
690 174 998 230 Mesaaoaruosus,

267 330 370 417 Inque
390 355 449 398 sua
471 331 638 397 Aeaciden
659 330 830 397 succedere
850 347 927 397 vota
950 346 1101 433 nepotem

266 415 367 484 Jussit
387 432 418 482 et
439 418 609 504 amplexus
628 417 664 482 in
682 416 822 502 virginis
844 415 893 481 ire
916 440 1076 481 marinae.

266 501 324 567 Est
343 503 431 567 siuas
453 501 655 567 Haemoniae
677 525 796 568 curvos
819 501 956 566 falcatus
979 501 1015 566 in
1037 523 1153 583 arcus,

267 584 407 652 Brachia
428 604 643 674 procurrunt:
665 586 723 651 uhi
743 586 772 651 si
793 587 880 652 foret
901 586 998 651 altior
1018 587 1127 667 unda,

266 670 387 737 Portas
410 688 495 752 erat3
519 672 654 737 summis
679 672 848 736 inductum
870 686 917 737 est
941 693 1063 756 aequor
1083 669 1205 737 arenis.

265 754 359 821 Litus
382 759 478 823 habet
499 758 657 839 solidum,
681 757 765 842 quod
789 780 848 821 nec
869 755 1006 841 vestigia
1026 771 1153 839 servet,

266 839 336 906 Nec
358 857 539 907 remoretur
561 843 641 923 iter,
665 865 725 906 nec
747 857 896 928 opertum
918 841 1055 928 pendeat
1076 841 1164 927 alga.

265 925 395 1016 Myrtea
419 927 502 993 silva
524 930 652 1009 subest,
675 926 872 991 bicoloribus
896 925 999 992 obsita
1013 924 1138 1012 baccis.

265 1009 325 1075 Est
342 1035 455 1113 specus
480 1011 516 1076 in
538 1012 662 1094 medio,
694 1026 811 1076 natura
831 1013 936 1077 factus
958 1034 1000 1075 an
1022 1025 1091 1075 arte
1261 1060 1263 1064 .
1310 1020 1373 1075 235

264 1097 487 1181 Ambiguum,
506 1097 608 1183 magis
631 1111 699 1162 arte
712 1112 850 1179 samen,
873 1120 937 1182 quo
959 1119 1054 1184 saepe
1075 1094 1190 1160 venire

265 1179 408 1246 Frenato
430 1182 580 1268 delphine
601 1183 732 1264 sedens,
755 1181 875 1264 Theti,
902 1182 987 1245 nuda
1010 1181 1156 1245 solebass

264 1263 337 1330 lllic
359 1281 390 1330 te
409 1266 544 1350 Peleus,
567 1283 604 1332 ut
624 1291 739 1332 somno
760 1266 870 1332 vincta
890 1264 1036 1356 jacebas,

267 1350 432 1438 Occupat,
455 1366 504 1433 et,
527 1352 680 1437 quoniam
701 1352 851 1439 precibus
875 1366 995 1417 tentata
1017 1371 1200 1450 repugnas,

263 1433 342 1500 Vim
362 1451 455 1526 parat
476 1437 642 1503 innectens
667 1437 826 1503 ambobus
848 1438 932 1503 colla
957 1437 1098 1501 lacerus.
1307 1441 1373 1498 240

179 1647 234 1691 erut
246 1641 339 1704 filium,
358 1643 399 1707 qui
418 1643 499 1709 major
518 1650 586 1694 esset
604 1651 684 1710 patre.
704 1643 749 1711 Vl,
788 1640 920 1712 pinqaarn
932 1659 995 1706 esse,
1009 1649 1037 1693 ut
1049 1642 1098 1694 sab
1111 1658 1154 1708 pro
1163 1656 1257 1709 prope,
1270 1644 1372 1708 subire,

179 1708 240 1760 154.
272 1711 356 1776 ltaque
376 1712 478 1764 Peleum
501 1715 579 1765 Aeaci
604 1715 681 1764 lilium
706 1730 751 1764 ue-
792 1715 930 1766 succedere
942 1730 985 1778 pro
999 1713 1131 1764 accedere.
1169 1712 1372 1775 1166111703.

177 1786 259 1845 potem
285 1796 356 1831 suum
375 1781 419 1848 (V.
433 1783 507 1849 219.)
527 1799 582 1833 eam
601 1786 692 1834 ducere
706 1784 750 1848 ju·
792 1783 884 1835 hortas
905 1784 1025 1835 suberat.
1046 1811 1079 1822 -·
1102 1781 1165 1836 235.
1186 1780 1312 1833 Priscian.
1326 1783 1371 1834 Vl.

176 1849 229 1900 bet.
243 1879 278 1888 -
297 1851 359 1900 (lod.
375 1853 486 1915 Bersm.,
507 1854 598 1919 (lach,
620 1853 695 1904 Goth.
711 1853 723 1903 1
741 1889 748 1917 ,
793 1870 816 1903 6.
834 1853 903 1903 1461
915 1854 971 1903 cod.
986 1854 1045 1903 lius.
1060 1859 1197 1918 etspecus.

176 1917 231 1969 Pal.
245 1919 283 1983 2.,
305 1919 363 1970 Par.
377 1921 422 1985 2.,
447 1938 511 1973 unus
537 1922 633 1988 Sulm,
657 1921 748 1986 Vrat.,
825 1923 887 1978 236.
907 1922 1099 1984 (ludheren,
1124 1921 1231 1984 Dresd.,
1252 1919 1330 1972 Goth.
1345 1920 1371 1971 1.

177 1987 284 2053 Zwiec.,
298 1989 396 2056 plurimi
411 1992 497 2042 lleius.
517 2000 544 2042 et
555 1994 596 2042 ed.
610 2008 647 2058 pr.
663 1993 747 2060 fugit.
792 1991 837 2054 2.,
858 1992 954 2042 Ζ6166.
981 2000 1008 2042 61
1027 1993 1069 2041 ed.
1089 2007 1127 2057 pr.
1147 1991 1304 2058 ambiguum
1320 1999 1369 2043 est.

177 2057 235 2110 Par.
259 2059 301 2124 1.,
320 2062 392 2111 multi
404 2078 437 2113 ex
455 2062 600 2113 melioribus
618 2063 704 2114 Heius.
725 2069 751 2113 et
793 2061 909 2112 Heinsius
922 2070 961 2114 est
973 2061 1049 2111 tacite
1069 2060 1165 2126 omisit,
1189 2063 1255 2125 quod
1274 2077 1290 2112 6
1310 2062 1371 2112 reli-

176 2129 265 2194 reliqui
278 2131 358 2182 vitat.
793 2132 847 2197 quis
861 2132 931 2182 libris
945 2131 1026 2181 abest.

210 2200 261 2255 221
266 2237 272 2250 .
291 2201 447 2252 inanaoota
457 2201 595 2252 succedere
604 2208 643 2251 est
656 2216 751 2251 cousu-
827 2201 889 2256 237.
915 2205 1024 2263 frenato
1043 2198 1165 2266 delphine
1181 2201 1284 2252 sedens.
1316 2199 1369 2253 Ne-

175 2267 233 2333 bio,
248 2272 312 2335 quod
331 2271 383 2337 ipse
397 2272 514 2337 optabat,
537 2271 621 2336 potiri.
641 2298 674 2309 -
696 2269 751 2321 Me·
793 2270 875 2321 reides
894 2271 985 2321 belluis
1003 2270 1106 2320 marinis
1118 2270 1253 2321 vehuntur.
1272 2271 1331 2322 Tib.
1347 2270 1367 2335 l,

175 2339 251 2390 liores
265 2340 363 2403 Heius,
378 2339 452 2391 Goth.
467 2341 504 2402 2.,
520 2341 624 2402 11661,
639 2339 746 2403 Ρ66.1.,
790 2341 816 2405 5,
832 2342 876 2391 45.

176 2407 245 2473 Lips.
268 2409 307 2472 1.,
331 2409 421 2472 Vrat.,
440 2409 535 2460 Zwicc.
556 2411 641 2460 6166.
662 2426 701 2476 pr.
719 2410 748 2461 in
862 2409 939 2461 Talis
958 2411 995 2463 ad
1013 2407 1186 2460 Haemonium
1206 2406 1301 2461 Nerci‘s
1320 2407 1368 2460 Pe-

174 2493 285 2542 sunqne.
301 2507 335 2516 -
354 2478 448 2529 Zwice.
470 2494 485 2528 6
503 2496 587 2544 corn,
608 2479 666 2530 Par.
680 2481 707 2535 2.
722 2487 748 2530 61
999 2480 1041 2529 lea
1054 2479 1186 2544 quondam

174 2547 264 2611 reliqui
276 2548 356 2613 inque
367 2565 427 2598 saa.
901 2548 979 2602 Vesta
997 2557 1036 2600 est
1045 2553 1155 2611 frenato
1175 2547 1286 2598 coerula
1293 2547 1366 2616 pisce

209 2616 271 2668 228.
299 2618 326 2666 in
345 2618 481 2682 amplexus
500 2617 537 2667 ire
555 2617 667 2666 modeste
687 2633 748 2667 con·
1001 2619 1102 2671 Thetis.

173 2686 283 2734 cubitum
310 2686 438 2749 declarat,
464 2693 492 2736 ut
515 2685 578 2750 Vll,
605 2686 665 2736 616.
697 2688 746 2738 suh
792 2685 865 2735 Cani.
887 2685 952 2735 Stat.
973 2687 1054 2738 Theb.
1075 2688 1101 2749 1,
1132 2687 1190 2737 130.
1224 2685 1300 2752 Prop.
1321 2686 1364 2749 lll,

174 2757 379 2879 απ212111ω61666
391 2825 438 2874 iste
447 2822 610 2874 Haemoniae
624 2822 655 2889 (l,
671 2823 745 2888 568.)
791 2756 815 2819 1,
824 2756 886 2877 iiiiii.
895 2757 1020 2888 1161626161,
1034 2756 1141 2889 ellilgiffi
1149 2757 1170 2807 n
1179 2756 1299 2877 11631166.
1321 2826 1363 2889 1.,

173 2902 213 2944 est
229 2895 297 2944 sinus
311 2895 448 2947 Maliacus
468 2894 534 2943 inter
552 2892 707 2943 Thessaliam
721 2900 747 2942 et
788 2892 847 2944 Par.
860 2896 902 2956 2.,
918 2896 1024 2957 breed,
1039 2896 1095 2946 Erf.
1113 2896 1256 2959 1.,1166.,
1271 2895 1362 2947 Medic.

172 2965 301 3029 Achajam.
328 2964 391 3015 Pliu.
408 2964 438 3013 Η.
451 2961 483 3014 Ν.
494 2963 536 3013 lV.
549 2980 572 3013 c.
589 2961 744 3013 7.-Unus
789 2963 1278 3031 1.,161.,1166ιιε.666.μι·.,
1301 2967 1364 3032 quod

172 3034 249 3086 Heius
265 3035 387 3097 modicos,
396 3034 572 3095 utvidetur,ex
581 3032 743 3094 Her.ll,13l.
787 3035 996 3084 accommodatius
1019 3043 1057 3085 est
1076 3036 1113 3085 illi
1133 3044 1262 3103 compat,
1291 3052 1361 3102 quam

242 3103 744 3168 13616161166666616666616616166-
786 3103 910 3168 scriptura
928 3106 1078 3169 reliquorum
1103 3112 1216 3155 veterum
1242 3107 1361 3157 libromm

381 3182 424 3226 tas
437 3175 464 3224 in
478 3191 565 3224 arcus.
786 3174 870 3238 victa,
896 3182 922 3224 et
934 3175 1081 3239 exquisitius
1094 3182 1142 3225 est.
1168 3175 1205 3225 De
1219 3177 1360 3226 discrimine

170 3245 269 3294 Aeaeus
294 3244 391 3308 quidem
404 3245 524 3306 Aeginam
548 3242 650 3292 tenebat
674 3239 741 3306 (Vll,
786 3242 872 3292 harum
904 3245 1081 3309 seripturarum
1113 3246 1225 3310 apposite
1252 3247 1361 3312 disputat

171 3312 231 3361 616.
247 3312 336 3375 474.);
351 3314 394 3362 sed
408 3313 526 3363 Telamon
548 3319 572 3361 ct
585 3311 675 3360 Peleus
688 3325 744 3359 curu
788 3311 899 3362 Handius
913 3314 942 3362 66
958 3314 1023 3364 Stat.
1039 3313 1104 3364 Silv.
1120 3316 1139 3376 1,
1160 3316 1205 3378 2.,
1220 3317 1290 3370 2426
1311 3316 1360 3366 La-

170 3379 278 3430 Phoeum
305 3382 406 3431 fratrem
432 3382 583 3431 occidissent
604 3379 647 3445 (V.
666 3379 740 3442 267),
785 3382 1057 3435 tinirlicuntoinctam
1075 3401 1181 3445 somno,
1209 3385 1250 3449 qui
1271 3388 1359 3436 dormit

170 3449 290 3500 Telamon
304 3451 430 3500 Salamina
442 3451 525 3511 venit,
550 3450 640 3499 Peleus
659 3457 742 3498 autem
785 3458 811 3501 et
823 3468 908 3502 somno
921 3454 1013 3516 ligatus
1023 3454 1109 3517 jacet,
1136 3456 1179 3504 sed
1200 3456 1301 3507 victum
1320 3456 1358 3521 qui

169 3519 281 3570 Phthiam
300 3521 324 3570 iu
345 3520 477 3571 Thessalia
498 3520 530 3569 ad
553 3519 632 3567 sinum
652 3518 742 3568 Malia·
783 3521 925 3571 lassitudini
938 3524 1063 3573 occumbit
1074 3531 1100 3573 et
1111 3539 1223 3574 somnum
1237 3528 1359 3590 repellere

169 3607 239 3655 cum,
257 3591 299 3641 uhi
319 3592 350 3640 ab
369 3590 505 3657 Eurq'tioue
524 3589 598 3637 dueta
617 3588 672 3652 ejus
691 3589 742 3638 6116
784 3607 831 3640 666
851 3593 938 3656 potuit.
972 3592 1058 3657 Neque
1075 3593 1150 3655 igitur
1168 3594 1221 3658 ipse
1235 3596 1359 3645 domnieus

168 3663 192 3711 in
218 3662 288 3726 regni
318 3668 413 3727 partem
441 3660 551 3709 adscitus
578 3665 641 3710 est..
663 3658 740 3724 Apol·
782 3663 1000 3724 vocaturoictaa,
1027 3662 1165 3712 etverbum
1187 3665 1359 3714 6166161666-

168 3732 219 3783 166.
236 3735 252 3783 l.
269 3732 286 3781 l.
783 3730 837 3778 dem
852 3731 993 3794 hahetvim,
1009 3747 1081 3796 quam
1093 3731 1136 3780 uhi
1150 3733 1180 3782 de
1194 3734 1253 3783 vino
1267 3742 1294 3784 et
1306 3751 1358 3784 rau-

200 3802 261 3853 236.
294 3799 423 3861 brachia,
455 3797 626 3848 extremitates
657 3796 738 3846 litoris
781 3800 843 3860 gicis
857 3801 952 3850 artibus
965 3807 1108 3865 usurpatur.
1143 3831 1145 3835 -

167 3886 286 3920 cornuum
310 3871 389 3919 instar
406 3869 485 3917 sinum
505 3867 652 3917 arttbientcs.
678 3865 737 3917 Vid.
813 3869 1356 3935 233.66661666166161α.6666661317.

168 3938 249 3989 Cerda
261 3941 293 3988 ad
306 3938 377 4001 Virg.
391 3939 423 3988 A.
439 3938 481 4000 111,
497 3938 557 3987 533.
850 3940 946 4006 Aptius
958 3941 1086 4003 utsaerit
1093 3940 1218 4007 precibus
1231 3949 1356 4004 tentasse,

200 4009 261 4061 231.
283 4015 356 4068 erat,
380 4013 457 4055 esset.
478 4034 509 4044 -·
533 4005 665 4056 sansonis·
680 4022 739 4056 are·
988 4027 1124 4078 rogamus.

165 4078 215 4128 nis.
242 4078 293 4127 1166
313 4077 380 4142 vult,
404 4076 472 4124 tenui
492 4090 556 4141 aqua
575 4091 675 4126 arenam
700 4081 739 4124 te·
780 4074 852 4138 Virg.
872 4078 936 4128 Α66.
961 4078 1010 4141 lV,
1038 4080 1097 4131 113.
1118 4081 1237 4132 animum
1257 4088 1357 4132 tentare

166 4149 332 4197 ctarniuisse.
776 4149 923 4211 precando.
940 4176 976 4184 -
1005 4151 1063 4198 Bas.
1083 4151 1108 4200 4.
1129 4159 1155 4202 et
1172 4169 1237 4203 unus
1257 4152 1354 4202 Bersm.

200 4217 261 4272 232.
296 4213 366 4284 qnod
386 4223 565 4278 nec-servet,
594 4215 657 4279 quod
682 4214 737 4264 fieri
775 4215 1047 4284 precibusquonr‘am.

165 4288 230 4337 solet
249 4287 310 4337 locis
330 4284 441 4335 arenosis
459 4292 485 4334 et
504 4285 608 4334 limosis.
645 4283 734 4334 Gier.
813 4286 874 4339 246.
896 4290 975 4337 66116.
1007 4285 1172 4338 06661161.
1198 4289 1225 4342 2.
1253 4290 1354 4341 cincta.

199 4357 260 4412 233.
277 4357 404 4423 pendeat,
431 4355 488 4419 quia
513 4355 568 4416 alga
592 4354 684 4416 pendet
703 4354 735 4403 li·
778 4353 866 4405 Claud.
883 4356 912 4406 ll.
927 4357 1043 4423 Proserp.
1060 4358 1090 4418 ll,
1107 4356 1166 4409 3611.

162 4433 230 4489 tore,
257 4429 335 4494 ipsum
349 4425 407 4475 litus
416 4425 528 4490 pendero
543 4423 611 4488 alga
632 4422 732 4475 dicitur.
847 4426 1002 4494 Matuaqae
1020 4427 1130 4479 alternis
1142 4428 1270 4482 innectite
1283 4428 1354 4479 66116

195 4499 256 4552 234.
283 4504 385 4565 myrtea
402 4495 480 4545 silva.
517 4486 733 4558 1161666666
983 4497 1100 4550 lacertr’s.

100 4576 108 4596 '
154 4569 241 4621 litora.
270 4568 315 4633 tx,
343 4565 404 4618 335.
424 4591 458 4604 -
480 4562 587 4615 subesse
603 4576 648 4628 pro
665 4577 731 4628 pro-
773 4561 941 4617 1166116161.
956 4564 988 4631 V,
1003 4566 1068 4636 3,3.
