2864 4890
387 675 446 760 r.
472 673 717 760 ovmfl
752 673 1074 767 uasoms
1146 806 1149 811 Ι

177 856 1272 1006 uarnmouruosaoa

482 1065 483 1071 Ν
515 1116 675 1184 arasa
700 1115 934 1190 saurus,

213 1477 438 1590 Praebuerat
460 1523 551 1590 dictis
574 1522 726 1591 Tritonia
748 1524 866 1591 talibus
885 1549 992 1610 aures,

214 1609 431 1695 carminaque
451 1609 619 1674 Aonidmn
639 1607 818 1697 justamque
839 1613 1034 1698 probaverat
1054 1613 1151 1681 iram.

212 1695 304 1762 Tum
325 1718 452 1759 secum:
477 1694 653 1776 „Laudare
674 1716 791 1781 param
812 1712 876 1761 este
899 1698 1069 1763 laudemur
1090 1717 1121 1765 et
1143 1702 1243 1791 ipsae,

211 1777 382 1862 „Numina
406 1803 465 1843 nec
483 1778 592 1865 sperni
613 1777 682 1843 sine
701 1801 803 1865 poena
824 1797 933 1845 nostra
954 1782 1140 1849 sinamus.“

210 1863 441 1962 Maeoniaeque
463 1865 606 1927 animum
628 1863 703 1927 fatis
728 1863 864 1929 intendit
885 1867 1066 1948 Arachnes,
1269 1881 1308 1935 ,5

211 1949 320 2032 Quam
339 1947 400 2012 sibr
422 1947 568 2012 lanificae
589 1970 655 2011 non
679 1947 790 2011 cedere
812 1949 959 2015 laudibus
984 1951 1062 2016 artis

208 2033 380 2099 Audierat.
422 2031 498 2098 Non
518 2032 575 2096 illa
596 2032 669 2096 loco
691 2055 750 2096 aec
772 2033 897 2117 origine
919 2035 1022 2119 gentis

209 2116 318 2199 Clara,
340 2118 394 2182 sed
418 2135 485 2182 arte
507 2116 580 2182 fuit.
623 2115 722 2181 Pater
743 2117 818 2180 huic
841 2114 1061 2205 Colophonius
1084 2118 1201 2186 ldmon

209 2202 373 2267 Phocaico
397 2202 522 2267 bibulas
545 2201 689 2285 tingebat
711 2201 835 2265 murice
853 2201 955 2267 lanas.
987 2256 992 2266 .

210 2287 382 2351 Occiderat
403 2302 524 2367 mater3
546 2286 601 2350 sed
624 2302 654 2350 et
677 2287 754 2350 haec
775 2287 814 2349 de
834 2287 926 2372 plebe
947 2310 1070 2372 suoque
1274 2304 1311 2355 1⁰

208 2374 323 2455 Aequa
344 2370 418 2435 viro
440 2372 557 2436 fuerat.
600 2369 710 2457 Lydas
733 2386 839 2433 tamen
860 2369 916 2433 illa
939 2395 997 2457 per
1016 2373 1113 2435 urbes

209 2453 398 2541 Quaesierat
421 2456 527 2520 studio
546 2463 667 2520 'nomen
689 2454 916 2535 memorabile,
942 2455 1090 2538 quamvis

159 2607 184 2656 1.
205 2604 326 2660 Minerva
338 2608 476 2660 Arachnen
495 2609 606 2675 hydiam
625 2608 694 2658 lani·
772 2607 797 2657 5.
812 2607 955 2659 Maeoniae
966 2609 991 2656 h.
1001 2624 1024 2658 e.
1033 2609 1146 2675 Lydiae:
1162 2626 1217 2661 nam
1226 2611 1312 2665 Maco-

113 2675 178 2741 sicii
193 2685 251 2729 arte
268 2679 446 2743 superbienten
465 2679 502 2729 aci
519 2677 694 2728 16666άί666-
737 2676 778 2725 nia
796 2684 868 2727 vetus
888 2693 975 2726 nornen
995 2677 1101 2743 Lydiae.
1124 2678 1161 2742 ll,
1182 2682 1244 2736 252.
1267 2683 1311 2745 111,

121 2754 209 2798 tamen
227 2756 363 2813 prouocat.
382 2748 457 2814 Ergo
482 2755 596 2813 utraque
614 2747 693 2798 telam
737 2745 801 2796 583.
819 2775 848 2783 -
869 2746 987 2798 intendit.
1003 2744 1071 2796 Unus
1084 2748 1170 2799 llcias.
1186 2751 1312 2806 incendit.

121 2816 305 2882 instituerunt,
327 2834 360 2866 ac
377 2817 499 2868 Minerva
519 2816 643 2877 intexuit,
662 2821 693 2863 ut
737 2813 814 2865 Trist.
830 2815 873 2877 lV,
890 2816 913 2878 1,
928 2816 952 2864 4.

121 2885 194 2950 olim,
220 2901 299 2952 qaam
318 2903 376 2936 cam
397 2886 518 2951 Neptuno
538 2885 569 2934 de
584 2883 693 2935 Athenis
803 2883 881 2936 Mens
898 2885 1001 2935 intenta
1019 2884 1076 2935 aare
1095 2901 1129 2938 ne
1140 2890 1313 2957 foratosque

119 2962 240 3019 certaret,
249 2955 390 3021 Neptunus
400 2956 519 3007 tridentis
526 2955 579 3006 ictu
581 2959 691 3016 fretum,
943 2953 1031 3003 malie.

118 3024 179 3090 epea
191 3033 281 3075 autem
293 3026 387 3075 olivam
395 3024 536 3091 protulerit
548 3024 694 3080 acaicerite
736 3018 797 3070 Hor.
812 3019 858 3086 Ep.
874 3020 893 3084 1,
908 3022 933 3084 2,
950 3022 992 3072 36.

119 3093 210 3145 deinde
227 3095 339 3146 intexuit
350 3094 494 3159 Rhodopae
513 3103 538 3145 et
552 3093 694 3144 Haemonis
804 3089 924 3142 intendes
937 3092 1054 3142 animane
1076 3091 1170 3144 studa'e
1189 3101 1215 3146 et
1235 3096 1314 3148 rebus

118 3161 147 3212 in
158 3173 272 3228 montes,
294 3163 444 3229 Pygmaeae
455 3164 482 3212 in
494 3180 599 3229 gruem,
617 3162 694 3213 Anti·
944 3160 1070 3212 honestis.

117 3247 207 3297 gance
224 3233 252 3281 in
271 3232 397 3282 ciconiam
413 3238 438 3283 et
452 3231 562 3298 Cinyrae
571 3233 693 3295 filiarum
770 3226 796 3277 7.
813 3227 878 3280 1666.
894 3227 968 3279 Coal.
982 3246 1007 3278 v.
1023 3231 1065 3281 13.

117 3301 146 3350 in
174 3300 280 3365 graden
313 3301 404 3366 templi
437 3304 692 3362 transformationes.
768 3296 1236 3367 8.1amona.e.tapcr,pen·tns.
1262 3300 1314 3352 Co-

117 3368 240 3420 Arachnc
259 3370 375 3420 intexuit
391 3370 467 3420 caria
492 3372 598 3422 deorum
610 3377 692 3433 ,tarta
735 3365 1154 3433 10611011601116166166666161616.

118 3446 199 3506 atque
230 3440 488 3501 transformationes:
524 3457 592 3508 qaae
617 3457 692 3506 opere
769 3434 794 3484 6.
816 3436 1313 3498 66666566666666666,6616666666)

118 3512 237 3572 consecto
255 3512 283 3562 in
302 3521 427 3562 araneam
450 3527 468 3561 a
488 3510 610 3562 Minerva
630 3526 691 3560 coa·
733 3519 881 3567 purpureum
893 3506 1001 3555 colorem
1010 3505 1183 3555 conficiebant.
1198 3506 1315 3558 —Pho-

117 3581 240 3634 centron
257 3607 287 3616 -
734 3579 823 3637 ca‘t‘co,
842 3575 899 3638 qaia
912 3575 975 3640 apud
992 3573 1146 3635 Phocaeam,
1166 3573 1253 3623 arbem
1271 3575 1314 3626 lo-

733 3641 788 3691 6166
803 3643 833 3691 ad
847 3658 914 3692 mare
927 3645 1015 3704 sitam,
1034 3643 1216 3694 inveniebatur.
1233 3643 1311 3696 Cani.

152 3715 176 3767 l.
196 3717 282 3768 Dictis
295 3718 403 3769 talibus.
418 3714 455 3778 V,
471 3714 522 3765 334
540 3741 565 3749 -
581 3713 641 3764 678.
661 3739 687 3749 --
731 3708 778 3773 Xl,
795 3711 853 3762 166.
867 3711 906 3773 V,
922 3713 964 3763 51.
979 3712 1036 3762 le.
1051 3711 1169 3765 XXXVl.
1184 3727 1208 3761 c.
1223 3712 1315 3763 31.-

117 3784 234 3835 lleinsias
259 3801 291 3834 ex
308 3803 356 3835 ano
376 3786 434 3836 Par.
455 3785 480 3838 2.
501 3790 595 3833 temere
613 3782 691 3832 edidit
733 3779 846 3832 bibulas.
863 3781 936 3830 Cani.
951 3780 994 3844 lV,
1011 3781 1070 3831 736.
1086 3781 1145 3830 744.

116 3869 215 3906 aurem.
238 3853 287 3902 Sed
300 3855 350 3904 vid.
363 3854 394 3916 V,
409 3855 469 3906 334.
485 3853 558 3904 Coni.
570 3852 613 3916 lll,
629 3853 689 3906 663.
770 3848 812 3900 11.
832 3849 931 3917 hydas.
947 3851 984 3900 lta
996 3850 1092 3910 Berol.‚
1107 3848 1197 3912 Rhea,
1213 3848 1271 3914 Par.
1284 3849 1311 3901 l.

114 3921 181 3983 XV,
202 3920 263 3970 465.
279 3920 350 3969 Pom.
367 3923 403 3982 11,
426 3923 450 3982 6,
465 3924 508 3976 25.
527 3924 582 3973 Art.
602 3924 634 3973 Α.
650 3923 689 3985 ll,
734 3925 760 3967 ct
784 3920 894 3968 66666111
915 3919 1001 3968 Heius.
1023 3947 1055 3957 —
1074 3917 1172 3982 Reliqui
1197 3918 1312 3986 laydica

116 3988 177 4040 347.
191 4018 224 4028 -
241 3988 371 4040 Tritonia.
387 3990 417 4050 ll,
434 3991 493 4040 783.
734 3987 784 4036 Sed
803 3985 870 4037 Naso
887 3988 989 4053 primam
1006 3988 1076 4037 vocis
1092 3987 1179 4054 Lydia
1196 3989 1316 4052 producit

149 4059 176 4111 2.
195 4057 334 4109 Aonidum.
349 4058 388 4118 V,
404 4058 464 4108 333.
485 4085 519 4097 -
532 4058 691 4126 justamque
734 4055 788 4121 (Vl,
804 4055 887 4121 146),
902 4064 928 4106 ct
940 4057 1029 4125 Lydas
1042 4071 1138 4122 qaoque
1151 4063 1190 4106 ast
1201 4056 1250 4119 Xl,
1265 4057 1313 4108 98.

116 4126 193 4178 ham.
208 4126 241 4188 V,
257 4126 307 4178 667
320 4141 389 4192 seqq.
732 4124 791 4175 Vid.
806 4125 866 4174 ller.
881 4125 932 4186 IX,
954 4126 996 4176 54.
1016 4125 1125 4176 666661.
1140 4125 1178 4182 11,
1201 4125 1263 4176 356.
1286 4133 1316 4178 et

150 4195 176 4245 3.
195 4195 265 4244 Dura
278 4209 338 4244 eane
354 4195 385 4242 ad
400 4191 566 4242 narrationem
582 4193 612 4241 dc
626 4194 692 4244 Ara·
735 4202 787 4244 not.
801 4195 832 4244 ad
846 4192 989 4257 Met.xl11,
1005 4194 1065 4247 692.
1081 4202 1107 4244 ct
1119 4193 1180 4247 724.

112 4263 427 4316 chnesiatotransitio.-
441 4260 691 4326 laudarerespoadet
769 4263 810 4317 12.
842 4264 948 4326 stadio,
975 4278 1012 4315 sc.
1038 4264 1100 4313 artis
1124 4263 1250 4313 lanificae.
1278 4289 1314 4304 -

113 4333 150 4384 illi
164 4332 334 4398 probaverat.
355 4359 389 4372 -
407 4330 546 4383 laudemur
558 4332 637 4382 oratio
651 4339 690 4382 est
731 4331 913 4401 quamvescam
926 4332 1001 4382 indic.
1016 4332 1135 4382 Vidnot.
1145 4331 1231 4394 ale,
1247 4331 1313 4382 471.

113 4402 246 4454 excitantis
259 4409 285 4454 at
297 4400 479 4453 constituentis.
730 4408 756 4450 ct
767 4399 805 4464 V,
827 4399 886 4453 586.
901 4429 935 4442 -
947 4402 1111 4469 quaesierat,
1130 4401 1314 4468 acquisiverat.
