<?xml version="1.0" encoding="UTF-8"?>
<!DOCTYPE html PUBLIC "-//W3C//DTD XHTML 1.0 Transitional//EN"
    "http://www.w3.org/TR/xhtml1/DTD/xhtml1-transitional.dtd">
<html xmlns="http://www.w3.org/1999/xhtml" xml:lang="en" lang="en">
 <head>
  <title>
</title>
<meta http-equiv="Content-Type" content="text/html;charset=utf-8" />
  <meta name='ocr-system' content='tesseract 3.04.00' />
  <meta name='ocr-capabilities' content='ocr_page ocr_carea ocr_par ocr_line ocrx_word'/>
</head>
<body>
  <div class='ocr_page' id='page_1' title='image "./povidiinasonism01ovidgoog_0435.png"; bbox 0 0 2864 4890; ppageno 0'>
   <div class='ocr_carea' id='block_1_1' title="bbox 133 132 951 202">
    <p class='ocr_par' dir='ltr' id='par_1_1' title="bbox 133 132 951 202">
     <span class='ocr_line' id='line_1_1' title="bbox 133 132 951 202; baseline -0.017 0"><span class='ocrx_word' id='word_1_1' title='bbox 133 141 220 202; x_wconf 74' lang='lat' dir='ltr'><strong>m</strong></span> <span class='ocrx_word' id='word_1_2' title='bbox 522 135 627 193; x_wconf 81' lang='lat' dir='ltr'><strong>ovum</strong></span> <span class='ocrx_word' id='word_1_3' title='bbox 644 132 951 191; x_wconf 68' lang='lat' dir='ltr'><strong>murmuramus</strong></span> 
     </span>
    </p>
   </div>
   <div class='ocr_carea' id='block_1_2' title="bbox 180 287 1324 1900">
    <p class='ocr_par' dir='ltr' id='par_1_2' title="bbox 212 287 1324 1812">
     <span class='ocr_line' id='line_1_2' title="bbox 221 287 1228 379; baseline 0.002 -23"><span class='ocrx_word' id='word_1_4' title='bbox 221 289 353 379; x_wconf 79' lang='lat' dir='ltr'><strong>Quippe</strong></span> <span class='ocrx_word' id='word_1_5' title='bbox 374 287 493 377; x_wconf 89' lang='lat' dir='ltr'><strong>pedum</strong></span> <span class='ocrx_word' id='word_1_6' title='bbox 506 288 636 373; x_wconf 75' lang='lat' dir='ltr'><strong>digitos,</strong></span> <span class='ocrx_word' id='word_1_7' title='bbox 657 289 865 374; x_wconf 86' lang='lat' dir='ltr'><strong>inquantum</strong></span> <span class='ocrx_word' id='word_1_8' title='bbox 879 301 926 354; x_wconf 82' lang='lat' dir='ltr'><strong>est</strong></span> <span class='ocrx_word' id='word_1_9' title='bbox 946 311 1091 374; x_wconf 80' lang='lat' dir='ltr'><strong>quaeque</strong></span> <span class='ocrx_word' id='word_1_10' title='bbox 1103 306 1228 378; x_wconf 84' lang='lat' dir='ltr'><strong>scama,</strong></span> 
     </span>
     <span class='ocr_line' id='line_1_3' title="bbox 221 371 1093 442; baseline -0.001 0"><span class='ocrx_word' id='word_1_11' title='bbox 221 375 345 442; x_wconf 81' lang='lat' dir='ltr'><strong>Traxit</strong></span> <span class='ocrx_word' id='word_1_12' title='bbox 367 389 398 439; x_wconf 88' lang='lat' dir='ltr'><strong>et</strong></span> <span class='ocrx_word' id='word_1_13' title='bbox 418 373 454 438; x_wconf 89' lang='lat' dir='ltr'><strong>in</strong></span> <span class='ocrx_word' id='word_1_14' title='bbox 474 374 611 440; x_wconf 85' lang='lat' dir='ltr'><strong>solidam</strong></span> <span class='ocrx_word' id='word_1_15' title='bbox 632 373 768 439; x_wconf 78' lang='lat' dir='ltr'><strong>detrusit</strong></span> <span class='ocrx_word' id='word_1_16' title='bbox 788 371 938 438; x_wconf 75' lang='lat' dir='ltr'><strong>acumine</strong></span> <span class='ocrx_word' id='word_1_17' title='bbox 958 387 1093 441; x_wconf 87' lang='lat' dir='ltr'><strong>terram.</strong></span> 
     </span>
     <span class='ocr_line' id='line_1_4' title="bbox 218 456 1156 550; baseline 0.001 -26"><span class='ocrx_word' id='word_1_18' title='bbox 218 458 327 545; x_wconf 89' lang='lat' dir='ltr'><strong>thue</strong></span> <span class='ocrx_word' id='word_1_19' title='bbox 346 481 441 522; x_wconf 90' lang='lat' dir='ltr'><strong>suum</strong></span> <span class='ocrx_word' id='word_1_20' title='bbox 462 458 602 544; x_wconf 83' lang='lat' dir='ltr'><strong>laqueis,</strong></span> <span class='ocrx_word' id='word_1_21' title='bbox 625 481 704 544; x_wconf 88' lang='lat' dir='ltr'><strong>quos</strong></span> <span class='ocrx_word' id='word_1_22' title='bbox 726 456 862 522; x_wconf 89' lang='lat' dir='ltr'><strong>callidus</strong></span> <span class='ocrx_word' id='word_1_23' title='bbox 883 457 1006 522; x_wconf 85' lang='lat' dir='ltr'><strong>abdidit</strong></span> <span class='ocrx_word' id='word_1_24' title='bbox 1027 482 1156 550; x_wconf 85' lang='lat' dir='ltr'><strong>auceps,</strong></span> 
     </span>
     <span class='ocr_line' id='line_1_5' title="bbox 221 541 1198 626; baseline 0 -18"><span class='ocrx_word' id='word_1_25' title='bbox 221 541 305 609; x_wconf 73' lang='lat' dir='ltr'><strong>(irus</strong></span> <span class='ocrx_word' id='word_1_26' title='bbox 324 542 382 608; x_wconf 87' lang='lat' dir='ltr'><strong>ubi</strong></span> <span class='ocrx_word' id='word_1_27' title='bbox 404 543 564 608; x_wconf 89' lang='lat' dir='ltr'><strong>commisit</strong></span> <span class='ocrx_word' id='word_1_28' title='bbox 584 542 730 608; x_wconf 88' lang='lat' dir='ltr'><strong>volucris</strong></span> <span class='ocrx_word' id='word_1_29' title='bbox 751 541 913 626; x_wconf 78' lang='lat' dir='ltr'><strong>sensitque</strong></span> <span class='ocrx_word' id='word_1_30' title='bbox 931 543 1047 625; x_wconf 88' lang='lat' dir='ltr'><strong>teneri,</strong></span> <span class='ocrx_word' id='word_1_31' title='bbox 1193 617 1198 623; x_wconf 42' lang='lat'><strong>,</strong></span> 
     </span>
     <span class='ocr_line' id='line_1_6' title="bbox 217 625 1324 715; baseline 0 -22"><span class='ocrx_word' id='word_1_32' title='bbox 217 628 409 715; x_wconf 86' lang='lat' dir='ltr'><strong>Plangitur,</strong></span> <span class='ocrx_word' id='word_1_33' title='bbox 431 651 470 691; x_wconf 91' lang='lat' dir='ltr'><strong>ac</strong></span> <span class='ocrx_word' id='word_1_34' title='bbox 490 627 654 715; x_wconf 80' lang='lat' dir='ltr'><strong>trepidans</strong></span> <span class='ocrx_word' id='word_1_35' title='bbox 676 626 847 712; x_wconf 82' lang='lat' dir='ltr'><strong>adstringit</strong></span> <span class='ocrx_word' id='word_1_36' title='bbox 866 625 999 692; x_wconf 82' lang='lat' dir='ltr'><strong>vincula</strong></span> <span class='ocrx_word' id='word_1_37' title='bbox 1019 645 1130 696; x_wconf 81' lang='lat' dir='ltr'><strong>motu:</strong></span> <span class='ocrx_word' id='word_1_38' title='bbox 1286 639 1324 694; x_wconf 76' lang='lat'><strong>7⁵</strong></span> 
     </span>
     <span class='ocr_line' id='line_1_7' title="bbox 219 709 1102 798; baseline 0.002 -21"><span class='ocrx_word' id='word_1_39' title='bbox 219 709 295 794; x_wconf 84' lang='lat' dir='ltr'><strong>Sic,</strong></span> <span class='ocrx_word' id='word_1_40' title='bbox 320 735 528 797; x_wconf 89' lang='lat' dir='ltr'><strong>quaecunque</strong></span> <span class='ocrx_word' id='word_1_41' title='bbox 546 714 616 777; x_wconf 92' lang='lat' dir='ltr'><strong>solo</strong></span> <span class='ocrx_word' id='word_1_42' title='bbox 638 711 745 776; x_wconf 88' lang='lat' dir='ltr'><strong>delixa</strong></span> <span class='ocrx_word' id='word_1_43' title='bbox 767 713 952 777; x_wconf 83' lang='lat' dir='ltr'><strong>cohaeserat</strong></span> <span class='ocrx_word' id='word_1_44' title='bbox 973 712 1102 798; x_wconf 80' lang='lat' dir='ltr'><strong>harum,</strong></span> 
     </span>
     <span class='ocr_line' id='line_1_8' title="bbox 218 794 1036 882; baseline 0 -20"><span class='ocrx_word' id='word_1_45' title='bbox 218 795 414 862; x_wconf 84' lang='lat' dir='ltr'><strong>Exsternata</strong></span> <span class='ocrx_word' id='word_1_46' title='bbox 434 798 548 882; x_wconf 78' lang='lat' dir='ltr'><strong>fugam</strong></span> <span class='ocrx_word' id='word_1_47' title='bbox 569 797 689 862; x_wconf 84' lang='lat' dir='ltr'><strong>frustra</strong></span> <span class='ocrx_word' id='word_1_48' title='bbox 711 797 869 874; x_wconf 83' lang='lat' dir='ltr'><strong>tentabat3</strong></span> <span class='ocrx_word' id='word_1_49' title='bbox 890 794 1036 862; x_wconf 91' lang='lat' dir='ltr'><strong>atillam</strong></span> 
     </span>
     <span class='ocr_line' id='line_1_9' title="bbox 218 880 1040 965; baseline 0.002 -20"><span class='ocrx_word' id='word_1_50' title='bbox 218 880 322 946; x_wconf 87' lang='lat' dir='ltr'><strong>Lenta</strong></span> <span class='ocrx_word' id='word_1_51' title='bbox 343 896 428 946; x_wconf 86' lang='lat' dir='ltr'><strong>tenet</strong></span> <span class='ocrx_word' id='word_1_52' title='bbox 449 881 546 946; x_wconf 86' lang='lat' dir='ltr'><strong>radix</strong></span> <span class='ocrx_word' id='word_1_53' title='bbox 567 880 845 965; x_wconf 81' lang='lat' dir='ltr'><strong>exsultantemque</strong></span> <span class='ocrx_word' id='word_1_54' title='bbox 863 886 999 947; x_wconf 80' lang='lat' dir='ltr'><strong>coe&#39;rcet.</strong></span> <span class='ocrx_word' id='word_1_55' title='bbox 1034 921 1040 929; x_wconf 75' lang='lat'><em>,</em></span> 
     </span>
     <span class='ocr_line' id='line_1_10' title="bbox 216 964 1243 1055; baseline 0 -24"><span class='ocrx_word' id='word_1_56' title='bbox 216 966 373 1050; x_wconf 88' lang='lat' dir='ltr'><strong>Dumque</strong></span> <span class='ocrx_word' id='word_1_57' title='bbox 388 965 446 1030; x_wconf 89' lang='lat' dir='ltr'><strong>ubi</strong></span> <span class='ocrx_word' id='word_1_58' title='bbox 459 964 523 1032; x_wconf 90' lang='lat' dir='ltr'><strong>siut</strong></span> <span class='ocrx_word' id='word_1_59' title='bbox 537 965 642 1051; x_wconf 83' lang='lat' dir='ltr'><strong>digiti,</strong></span> <span class='ocrx_word' id='word_1_60' title='bbox 658 966 736 1030; x_wconf 93' lang='lat' dir='ltr'><strong>dum</strong></span> <span class='ocrx_word' id='word_1_61' title='bbox 750 988 805 1052; x_wconf 89' lang='lat' dir='ltr'><strong>pes</strong></span> <span class='ocrx_word' id='word_1_62' title='bbox 820 964 888 1046; x_wconf 92' lang='lat' dir='ltr'><strong>ubi,</strong></span> <span class='ocrx_word' id='word_1_63' title='bbox 905 965 1042 1051; x_wconf 89' lang='lat' dir='ltr'><strong>quaerit,</strong></span> <span class='ocrx_word' id='word_1_64' title='bbox 1057 982 1090 1035; x_wconf 89' lang='lat' dir='ltr'><strong>et</strong></span> <span class='ocrx_word' id='word_1_65' title='bbox 1102 982 1243 1055; x_wconf 80' lang='lat' dir='ltr'><strong>ungues,</strong></span> 
     </span>
     <span class='ocr_line' id='line_1_11' title="bbox 217 1049 1323 1138; baseline -0.002 -22"><span class='ocrx_word' id='word_1_66' title='bbox 217 1051 367 1138; x_wconf 84' lang='lat' dir='ltr'><strong>Adspicit</strong></span> <span class='ocrx_word' id='word_1_67' title='bbox 388 1049 423 1114; x_wconf 90' lang='lat' dir='ltr'><strong>in</strong></span> <span class='ocrx_word' id='word_1_68' title='bbox 449 1065 563 1115; x_wconf 88' lang='lat' dir='ltr'><strong>teretes</strong></span> <span class='ocrx_word' id='word_1_69' title='bbox 584 1050 711 1136; x_wconf 86' lang='lat' dir='ltr'><strong>lignum</strong></span> <span class='ocrx_word' id='word_1_70' title='bbox 731 1049 901 1115; x_wconf 87' lang='lat' dir='ltr'><strong>succedere</strong></span> <span class='ocrx_word' id='word_1_71' title='bbox 921 1073 1026 1134; x_wconf 91' lang='lat' dir='ltr'><strong>suras,</strong></span> <span class='ocrx_word' id='word_1_72' title='bbox 1282 1062 1323 1115; x_wconf 91' lang='lat'><strong>80</strong></span> 
     </span>
     <span class='ocr_line' id='line_1_12' title="bbox 218 1134 1030 1220; baseline 0.001 -20"><span class='ocrx_word' id='word_1_73' title='bbox 218 1134 262 1200; x_wconf 89' lang='lat' dir='ltr'><strong>Et</strong></span> <span class='ocrx_word' id='word_1_74' title='bbox 284 1151 398 1200; x_wconf 85' lang='lat' dir='ltr'><strong>conata</strong></span> <span class='ocrx_word' id='word_1_75' title='bbox 420 1135 529 1199; x_wconf 90' lang='lat' dir='ltr'><strong>femur</strong></span> <span class='ocrx_word' id='word_1_76' title='bbox 550 1134 707 1200; x_wconf 88' lang='lat' dir='ltr'><strong>maerenti</strong></span> <span class='ocrx_word' id='word_1_77' title='bbox 728 1135 882 1220; x_wconf 81' lang='lat' dir='ltr'><strong>plangere</strong></span> <span class='ocrx_word' id='word_1_78' title='bbox 903 1135 1030 1218; x_wconf 83' lang='lat' dir='ltr'><strong>dextra,</strong></span> 
     </span>
     <span class='ocr_line' id='line_1_13' title="bbox 217 1219 1075 1306; baseline -0.001 -19"><span class='ocrx_word' id='word_1_79' title='bbox 217 1220 349 1287; x_wconf 85' lang='lat' dir='ltr'><strong>Robora</strong></span> <span class='ocrx_word' id='word_1_80' title='bbox 368 1219 541 1306; x_wconf 88' lang='lat' dir='ltr'><strong>percussit;</strong></span> <span class='ocrx_word' id='word_1_81' title='bbox 563 1236 672 1306; x_wconf 88' lang='lat' dir='ltr'><strong>pectus</strong></span> <span class='ocrx_word' id='word_1_82' title='bbox 694 1242 820 1303; x_wconf 89' lang='lat' dir='ltr'><strong>quoque</strong></span> <span class='ocrx_word' id='word_1_83' title='bbox 840 1220 960 1285; x_wconf 87' lang='lat' dir='ltr'><strong>robora</strong></span> <span class='ocrx_word' id='word_1_84' title='bbox 981 1223 1075 1304; x_wconf 85' lang='lat' dir='ltr'><strong>liunt,</strong></span> 
     </span>
     <span class='ocr_line' id='line_1_14' title="bbox 216 1303 1110 1390; baseline 0.002 -21"><span class='ocrx_word' id='word_1_85' title='bbox 216 1303 349 1370; x_wconf 85' lang='lat' dir='ltr'><strong>Robora</strong></span> <span class='ocrx_word' id='word_1_86' title='bbox 369 1319 446 1369; x_wconf 91' lang='lat' dir='ltr'><strong>sunt</strong></span> <span class='ocrx_word' id='word_1_87' title='bbox 466 1303 613 1385; x_wconf 88' lang='lat' dir='ltr'><strong>humeri,</strong></span> <span class='ocrx_word' id='word_1_88' title='bbox 636 1318 846 1390; x_wconf 85' lang='lat' dir='ltr'><strong>porrectaque</strong></span> <span class='ocrx_word' id='word_1_89' title='bbox 866 1304 996 1369; x_wconf 90' lang='lat' dir='ltr'><strong>brachia</strong></span> <span class='ocrx_word' id='word_1_90' title='bbox 1013 1328 1110 1384; x_wconf 82' lang='lat' dir='ltr'><strong>veros</strong></span> 
     </span>
     <span class='ocr_line' id='line_1_15' title="bbox 216 1388 993 1475; baseline 0.003 -23"><span class='ocrx_word' id='word_1_91' title='bbox 216 1389 297 1452; x_wconf 84' lang='lat' dir='ltr'><strong>Esse</strong></span> <span class='ocrx_word' id='word_1_92' title='bbox 316 1402 408 1475; x_wconf 89' lang='lat' dir='ltr'><strong>putes</strong></span> <span class='ocrx_word' id='word_1_93' title='bbox 430 1411 538 1453; x_wconf 88' lang='lat' dir='ltr'><strong>ramos</strong></span> <span class='ocrx_word' id='word_1_94' title='bbox 559 1402 590 1454; x_wconf 89' lang='lat' dir='ltr'><strong>et</strong></span> <span class='ocrx_word' id='word_1_95' title='bbox 611 1398 677 1453; x_wconf 86' lang='lat' dir='ltr'><strong>non</strong></span> <span class='ocrx_word' id='word_1_96' title='bbox 701 1388 818 1452; x_wconf 78' lang='lat' dir='ltr'><strong>fallare</strong></span> <span class='ocrx_word' id='word_1_97' title='bbox 838 1389 993 1475; x_wconf 87' lang='lat' dir='ltr'><strong>putando.</strong></span> 
     </span>
     <span class='ocr_line' id='line_1_16' title="bbox 215 1470 1319 1560; baseline -0.002 -23"><span class='ocrx_word' id='word_1_98' title='bbox 215 1472 286 1538; x_wconf 90' lang='lat' dir='ltr'><strong>Nec</strong></span> <span class='ocrx_word' id='word_1_99' title='bbox 307 1471 384 1536; x_wconf 88' lang='lat' dir='ltr'><strong>satis</strong></span> <span class='ocrx_word' id='word_1_100' title='bbox 406 1474 467 1537; x_wconf 94' lang='lat' dir='ltr'><strong>hoc</strong></span> <span class='ocrx_word' id='word_1_101' title='bbox 487 1471 617 1538; x_wconf 80' lang='lat' dir='ltr'><strong>Ba&#39;ccho</strong></span> <span class='ocrx_word' id='word_1_102' title='bbox 637 1489 702 1554; x_wconf 81' lang='lat' dir='ltr'><strong>est3</strong></span> <span class='ocrx_word' id='word_1_103' title='bbox 723 1472 809 1559; x_wconf 91' lang='lat' dir='ltr'><strong>ipsos</strong></span> <span class='ocrx_word' id='word_1_104' title='bbox 831 1497 958 1558; x_wconf 88' lang='lat' dir='ltr'><strong>quoque</strong></span> <span class='ocrx_word' id='word_1_105' title='bbox 978 1470 1097 1540; x_wconf 88' lang='lat' dir='ltr'><strong>deserit</strong></span> <span class='ocrx_word' id='word_1_106' title='bbox 1115 1494 1227 1560; x_wconf 81' lang='lat' dir='ltr'><strong>agros,</strong></span> <span class='ocrx_word' id='word_1_107' title='bbox 1279 1481 1319 1536; x_wconf 85' lang='lat'><strong>85</strong></span> 
     </span>
     <span class='ocr_line' id='line_1_17' title="bbox 216 1554 1000 1645; baseline -0.001 -23"><span class='ocrx_word' id='word_1_108' title='bbox 216 1554 363 1641; x_wconf 78' lang='lat' dir='ltr'><strong>Cumque</strong></span> <span class='ocrx_word' id='word_1_109' title='bbox 385 1558 485 1621; x_wconf 86' lang='lat' dir='ltr'><strong>choro</strong></span> <span class='ocrx_word' id='word_1_110' title='bbox 507 1556 641 1624; x_wconf 89' lang='lat' dir='ltr'><strong>meliore</strong></span> <span class='ocrx_word' id='word_1_111' title='bbox 662 1557 713 1622; x_wconf 89' lang='lat' dir='ltr'><strong>sui</strong></span> <span class='ocrx_word' id='word_1_112' title='bbox 733 1556 843 1623; x_wconf 83' lang='lat' dir='ltr'><strong>vineta</strong></span> <span class='ocrx_word' id='word_1_113' title='bbox 864 1558 1000 1645; x_wconf 84' lang='lat' dir='ltr'><strong>Tymoli</strong></span> 
     </span>
     <span class='ocr_line' id='line_1_18' title="bbox 212 1641 1032 1728; baseline 0.001 -22"><span class='ocrx_word' id='word_1_114' title='bbox 212 1641 433 1724; x_wconf 89' lang='lat' dir='ltr'><strong>Pactolonque</strong></span> <span class='ocrx_word' id='word_1_115' title='bbox 454 1642 551 1728; x_wconf 90' lang='lat' dir='ltr'><strong>petit,</strong></span> <span class='ocrx_word' id='word_1_116' title='bbox 576 1641 724 1727; x_wconf 83' lang='lat' dir='ltr'><strong>quamvis</strong></span> <span class='ocrx_word' id='word_1_117' title='bbox 746 1665 812 1706; x_wconf 88' lang='lat' dir='ltr'><strong>non</strong></span> <span class='ocrx_word' id='word_1_118' title='bbox 835 1665 951 1707; x_wconf 88' lang='lat' dir='ltr'><strong>aureus</strong></span> <span class='ocrx_word' id='word_1_119' title='bbox 973 1643 1032 1707; x_wconf 93' lang='lat' dir='ltr'><strong>illo</strong></span> 
     </span>
     <span class='ocr_line' id='line_1_19' title="bbox 213 1725 1016 1812; baseline 0.001 -22"><span class='ocrx_word' id='word_1_120' title='bbox 213 1725 397 1812; x_wconf 85' lang='lat' dir='ltr'><strong>Tempore,</strong></span> <span class='ocrx_word' id='word_1_121' title='bbox 420 1749 480 1789; x_wconf 91' lang='lat' dir='ltr'><strong>nec</strong></span> <span class='ocrx_word' id='word_1_122' title='bbox 502 1726 585 1790; x_wconf 89' lang='lat' dir='ltr'><strong>caris</strong></span> <span class='ocrx_word' id='word_1_123' title='bbox 606 1741 676 1790; x_wconf 87' lang='lat' dir='ltr'><strong>erat</strong></span> <span class='ocrx_word' id='word_1_124' title='bbox 696 1725 875 1792; x_wconf 87' lang='lat' dir='ltr'><strong>invidiosus</strong></span> <span class='ocrx_word' id='word_1_125' title='bbox 898 1727 1016 1791; x_wconf 87' lang='lat' dir='ltr'><strong>arenis.</strong></span> 
     </span>
    </p>

    <p class='ocr_par' dir='ltr' id='par_1_3' title="bbox 180 1807 1233 1900">
     <span class='ocr_line' id='line_1_20' title="bbox 180 1807 1233 1900; baseline 0.003 -27"><span class='ocrx_word' id='word_1_126' title='bbox 180 1845 187 1857; x_wconf 94' lang='lat'>·</span> <span class='ocrx_word' id='word_1_127' title='bbox 213 1807 323 1892; x_wconf 89' lang='lat' dir='ltr'><strong>Hunc,</strong></span> <span class='ocrx_word' id='word_1_128' title='bbox 346 1825 471 1874; x_wconf 89' lang='lat' dir='ltr'><strong>assueta</strong></span> <span class='ocrx_word' id='word_1_129' title='bbox 492 1812 620 1893; x_wconf 90' lang='lat' dir='ltr'><strong>cohors,</strong></span> <span class='ocrx_word' id='word_1_130' title='bbox 643 1807 756 1900; x_wconf 86' lang='lat' dir='ltr'><strong>Satyri</strong></span> <span class='ocrx_word' id='word_1_131' title='bbox 775 1809 985 1897; x_wconf 89' lang='lat' dir='ltr'><strong>Bacchaeque</strong></span> <span class='ocrx_word' id='word_1_132' title='bbox 1005 1811 1214 1895; x_wconf 88' lang='lat' dir='ltr'><strong>frequentant</strong></span> <span class='ocrx_word' id='word_1_133' title='bbox 1221 1832 1233 1891; x_wconf 84' lang='lat'>3</span> 
     </span>
    </p>
   </div>
   <div class='ocr_carea' id='block_1_3' title="bbox 113 1995 1328 4564">
    <p class='ocr_par' dir='ltr' id='par_1_4' title="bbox 113 1995 1328 4564">
     <span class='ocr_line' id='line_1_21' title="bbox 125 1995 1317 2064; baseline -0.002 -16"><span class='ocrx_word' id='word_1_134' title='bbox 125 1997 194 2049; x_wconf 82' lang='lat' dir='ltr'><strong>coni.</strong></span> <span class='ocrx_word' id='word_1_135' title='bbox 204 1997 238 2058; x_wconf 86' lang='lat' dir='ltr'><strong>X,</strong></span> <span class='ocrx_word' id='word_1_136' title='bbox 246 1996 371 2064; x_wconf 80' lang='lat' dir='ltr'><strong>lllllseqq.</strong></span> <span class='ocrx_word' id='word_1_137' title='bbox 381 1997 427 2058; x_wconf 90' lang='lat' dir='ltr'><strong>lX,</strong></span> <span class='ocrx_word' id='word_1_138' title='bbox 437 1997 484 2048; x_wconf 81' lang='lat'><strong>351</strong></span> <span class='ocrx_word' id='word_1_139' title='bbox 495 1995 698 2064; x_wconf 75' lang='lat' dir='ltr'><strong>seqq-&#39;torta</strong></span> <span class='ocrx_word' id='word_1_140' title='bbox 742 1996 813 2064; x_wconf 86' lang='lat' dir='ltr'><strong>Lips.</strong></span> <span class='ocrx_word' id='word_1_141' title='bbox 829 1997 865 2062; x_wconf 91' lang='lat' dir='ltr'><strong>l.,</strong></span> <span class='ocrx_word' id='word_1_142' title='bbox 884 2013 948 2049; x_wconf 90' lang='lat' dir='ltr'><strong>unus</strong></span> <span class='ocrx_word' id='word_1_143' title='bbox 961 1997 1053 2059; x_wconf 80' lang='lat' dir='ltr'><strong>Sulm,</strong></span> <span class='ocrx_word' id='word_1_144' title='bbox 1066 1997 1166 2062; x_wconf 84' lang='lat' dir='ltr'><strong>quidam</strong></span> <span class='ocrx_word' id='word_1_145' title='bbox 1179 1995 1269 2048; x_wconf 88' lang='lat' dir='ltr'><strong>lleins.</strong></span> <span class='ocrx_word' id='word_1_146' title='bbox 1282 2023 1317 2037; x_wconf 91' lang='lat'>-</span> 
     </span>
     <span class='ocr_line' id='line_1_22' title="bbox 125 2064 1318 2136; baseline -0.002 -17"><span class='ocrx_word' id='word_1_147' title='bbox 125 2066 161 2132; x_wconf 87' lang='lat' dir='ltr'><strong>X,</strong></span> <span class='ocrx_word' id='word_1_148' title='bbox 176 2067 236 2118; x_wconf 85' lang='grc'><strong>199.</strong></span> <span class='ocrx_word' id='word_1_149' title='bbox 251 2067 358 2135; x_wconf 82' lang='lat' dir='ltr'><strong>obliqua</strong></span> <span class='ocrx_word' id='word_1_150' title='bbox 369 2067 458 2118; x_wconf 79' lang='lat' dir='ltr'><strong>radia.</strong></span> <span class='ocrx_word' id='word_1_151' title='bbox 743 2067 817 2119; x_wconf 84' lang='lat' dir='ltr'><strong>Gotb.</strong></span> <span class='ocrx_word' id='word_1_152' title='bbox 834 2067 858 2119; x_wconf 94' lang='grc'><strong>1.</strong></span> <span class='ocrx_word' id='word_1_153' title='bbox 880 2070 1026 2136; x_wconf 80' lang='lat' dir='ltr'><strong>longosque</strong></span> <span class='ocrx_word' id='word_1_154' title='bbox 1042 2068 1082 2119; x_wconf 84' lang='lat' dir='ltr'><strong>br.</strong></span> <span class='ocrx_word' id='word_1_155' title='bbox 1095 2082 1181 2118; x_wconf 84' lang='lat' dir='ltr'><strong>ceros.</strong></span> <span class='ocrx_word' id='word_1_156' title='bbox 1213 2064 1318 2117; x_wconf 79' lang='lat' dir='ltr'><strong>Plurimi</strong></span> 
     </span>
     <span class='ocr_line' id='line_1_23' title="bbox 162 2133 1328 2205; baseline -0.001 -17"><span class='ocrx_word' id='word_1_157' title='bbox 162 2136 206 2188; x_wconf 90' lang='grc'><strong>71.</strong></span> <span class='ocrx_word' id='word_1_158' title='bbox 237 2138 265 2189; x_wconf 85' lang='lat' dir='ltr'><strong>in</strong></span> <span class='ocrx_word' id='word_1_159' title='bbox 288 2144 431 2205; x_wconf 74' lang='lat' dir='ltr'><strong>parantum,</strong></span> <span class='ocrx_word' id='word_1_160' title='bbox 464 2141 585 2201; x_wconf 88' lang='lat' dir='ltr'><strong>quatenus</strong></span> <span class='ocrx_word' id='word_1_161' title='bbox 609 2150 631 2185; x_wconf 90' lang='lat' dir='ltr'><strong>s.</strong></span> <span class='ocrx_word' id='word_1_162' title='bbox 656 2133 700 2184; x_wconf 89' lang='lat' dir='ltr'><strong>ubi</strong></span> <span class='ocrx_word' id='word_1_163' title='bbox 740 2145 841 2188; x_wconf 86' lang='lat' dir='ltr'><strong>veteres</strong></span> <span class='ocrx_word' id='word_1_164' title='bbox 854 2136 941 2188; x_wconf 88' lang='lat' dir='ltr'><strong>Heius.</strong></span> <span class='ocrx_word' id='word_1_165' title='bbox 955 2138 1050 2205; x_wconf 84' lang='lat' dir='ltr'><strong>longor</strong></span> <span class='ocrx_word' id='word_1_166' title='bbox 1061 2152 1165 2205; x_wconf 81' lang='lat' dir='ltr'><strong>qaoque</strong></span> <span class='ocrx_word' id='word_1_167' title='bbox 1177 2135 1217 2186; x_wconf 84' lang='lat' dir='ltr'><strong>br.</strong></span> <span class='ocrx_word' id='word_1_168' title='bbox 1229 2151 1328 2198; x_wconf 58' lang='lat' dir='ltr'><strong>ceros„</strong></span> 
     </span>
     <span class='ocr_line' id='line_1_24' title="bbox 125 2204 1316 2274; baseline -0.003 -16"><span class='ocrx_word' id='word_1_169' title='bbox 125 2222 238 2273; x_wconf 85' lang='lat' dir='ltr'><strong>quaeque</strong></span> <span class='ocrx_word' id='word_1_170' title='bbox 250 2209 398 2258; x_wconf 85' lang='lat' dir='ltr'><strong>constiterat</strong></span> <span class='ocrx_word' id='word_1_171' title='bbox 409 2206 545 2270; x_wconf 90' lang='lat' dir='ltr'><strong>sequendo.</strong></span> <span class='ocrx_word' id='word_1_172' title='bbox 564 2233 597 2245; x_wconf 97' lang='lat'>-</span> <span class='ocrx_word' id='word_1_173' title='bbox 622 2204 700 2254; x_wconf 85' lang='lat' dir='ltr'><strong>Hein—</strong></span> <span class='ocrx_word' id='word_1_174' title='bbox 740 2207 903 2258; x_wconf 84' lang='lat' dir='ltr'><strong>veldraclria</strong></span> <span class='ocrx_word' id='word_1_175' title='bbox 916 2207 1031 2259; x_wconf 82' lang='lat' dir='ltr'><strong>tandem.</strong></span> <span class='ocrx_word' id='word_1_176' title='bbox 1047 2235 1081 2247; x_wconf 94' lang='lat'><em>-</em></span> <span class='ocrx_word' id='word_1_177' title='bbox 1098 2207 1195 2273; x_wconf 80' lang='lat' dir='ltr'><strong>longos</strong></span> <span class='ocrx_word' id='word_1_178' title='bbox 1213 2221 1316 2274; x_wconf 79' lang='lat' dir='ltr'><strong>qaoque</strong></span> 
     </span>
     <span class='ocr_line' id='line_1_25' title="bbox 128 2273 1316 2340; baseline -0.003 -13"><span class='ocrx_word' id='word_1_179' title='bbox 128 2276 181 2328; x_wconf 89' lang='lat' dir='ltr'><strong>sius</strong></span> <span class='ocrx_word' id='word_1_180' title='bbox 194 2277 270 2327; x_wconf 88' lang='lat' dir='ltr'><strong>tacite</strong></span> <span class='ocrx_word' id='word_1_181' title='bbox 283 2277 375 2339; x_wconf 83' lang='lat' dir='ltr'><strong>edidit,</strong></span> <span class='ocrx_word' id='word_1_182' title='bbox 390 2277 454 2340; x_wconf 89' lang='lat' dir='ltr'><strong>quod</strong></span> <span class='ocrx_word' id='word_1_183' title='bbox 467 2275 582 2338; x_wconf 80' lang='lat' dir='ltr'><strong>berem,</strong></span> <span class='ocrx_word' id='word_1_184' title='bbox 596 2274 655 2323; x_wconf 84' lang='lat' dir='ltr'><strong>Bas.</strong></span> <span class='ocrx_word' id='word_1_185' title='bbox 670 2273 697 2326; x_wconf 95' lang='grc'><strong>2.</strong></span> <span class='ocrx_word' id='word_1_186' title='bbox 741 2276 850 2328; x_wconf 82' lang='lat' dir='ltr'><strong>braclria</strong></span> <span class='ocrx_word' id='word_1_187' title='bbox 861 2293 934 2327; x_wconf 83' lang='lat' dir='ltr'><strong>cerm</strong></span> <span class='ocrx_word' id='word_1_188' title='bbox 954 2276 1029 2326; x_wconf 87' lang='lat' dir='ltr'><strong>otium</strong></span> <span class='ocrx_word' id='word_1_189' title='bbox 1042 2275 1118 2326; x_wconf 86' lang='lat' dir='ltr'><strong>Gotb.</strong></span> <span class='ocrx_word' id='word_1_190' title='bbox 1131 2275 1176 2337; x_wconf 88' lang='grc'><strong>2.,</strong></span> <span class='ocrx_word' id='word_1_191' title='bbox 1202 2275 1274 2326; x_wconf 85' lang='lat' dir='ltr'><strong>Vrat.</strong></span> <span class='ocrx_word' id='word_1_192' title='bbox 1288 2279 1316 2324; x_wconf 86' lang='lat' dir='ltr'><strong>et</strong></span> 
     </span>
     <span class='ocr_line' id='line_1_26' title="bbox 125 2339 1316 2412; baseline -0.003 -16"><span class='ocrx_word' id='word_1_193' title='bbox 125 2347 250 2396; x_wconf 86' lang='lat' dir='ltr'><strong>ctDresd.</strong></span> <span class='ocrx_word' id='word_1_194' title='bbox 263 2353 381 2408; x_wconf 87' lang='lat' dir='ltr'><strong>tuentur,</strong></span> <span class='ocrx_word' id='word_1_195' title='bbox 396 2347 423 2396; x_wconf 86' lang='lat' dir='ltr'><strong>in</strong></span> <span class='ocrx_word' id='word_1_196' title='bbox 437 2351 566 2412; x_wconf 84' lang='lat' dir='ltr'><strong>quantum</strong></span> <span class='ocrx_word' id='word_1_197' title='bbox 579 2359 699 2411; x_wconf 82' lang='lat' dir='ltr'><strong>quaeqae</strong></span> <span class='ocrx_word' id='word_1_198' title='bbox 740 2339 781 2395; x_wconf 81' lang='grc'><strong>111.</strong></span> <span class='ocrx_word' id='word_1_199' title='bbox 794 2362 833 2411; x_wconf 92' lang='lat' dir='ltr'><strong>pr.</strong></span> <span class='ocrx_word' id='word_1_200' title='bbox 854 2374 887 2385; x_wconf 96' lang='lat'><em>-</em></span> <span class='ocrx_word' id='word_1_201' title='bbox 911 2343 1184 2407; x_wconf 81' lang='lat' dir='ltr'><strong>rllterblali.,bledic.</strong></span> <span class='ocrx_word' id='word_1_202' title='bbox 1199 2343 1316 2407; x_wconf 77' lang='grc'><strong>3.,11111</strong></span> 
     </span>
     <span class='ocr_line' id='line_1_27' title="bbox 122 2412 1312 2481; baseline -0.003 -15"><span class='ocrx_word' id='word_1_203' title='bbox 122 2423 215 2466; x_wconf 86' lang='lat' dir='ltr'><strong>secuta</strong></span> <span class='ocrx_word' id='word_1_204' title='bbox 228 2423 277 2466; x_wconf 82' lang='lat' dir='ltr'><strong>est.</strong></span> <span class='ocrx_word' id='word_1_205' title='bbox 297 2414 394 2478; x_wconf 85' lang='lat' dir='ltr'><strong>Reliqui</strong></span> <span class='ocrx_word' id='word_1_206' title='bbox 402 2430 486 2463; x_wconf 83' lang='lat' dir='ltr'><strong>omues</strong></span> <span class='ocrx_word' id='word_1_207' title='bbox 493 2430 547 2463; x_wconf 92' lang='lat' dir='ltr'><strong>cum</strong></span> <span class='ocrx_word' id='word_1_208' title='bbox 556 2420 618 2463; x_wconf 89' lang='lat' dir='ltr'><strong>vett.</strong></span> <span class='ocrx_word' id='word_1_209' title='bbox 627 2414 696 2475; x_wconf 72' lang='lat' dir='ltr'><strong>cdd,</strong></span> <span class='ocrx_word' id='word_1_210' title='bbox 741 2414 821 2465; x_wconf 90' lang='lat' dir='ltr'><strong>Sulm.</strong></span> <span class='ocrx_word' id='word_1_211' title='bbox 842 2422 867 2465; x_wconf 92' lang='grc'><strong>11</strong></span> <span class='ocrx_word' id='word_1_212' title='bbox 879 2415 936 2466; x_wconf 87' lang='lat' dir='ltr'><strong>edd.</strong></span> <span class='ocrx_word' id='word_1_213' title='bbox 950 2414 1032 2464; x_wconf 90' lang='lat' dir='ltr'><strong>Veun.</strong></span> <span class='ocrx_word' id='word_1_214' title='bbox 1051 2414 1146 2481; x_wconf 85' lang='lat' dir='ltr'><strong>longos</strong></span> <span class='ocrx_word' id='word_1_215' title='bbox 1158 2429 1261 2481; x_wconf 84' lang='lat' dir='ltr'><strong>quoque</strong></span> <span class='ocrx_word' id='word_1_216' title='bbox 1272 2412 1312 2463; x_wconf 84' lang='lat' dir='ltr'><strong>br.</strong></span> 
     </span>
     <span class='ocr_line' id='line_1_28' title="bbox 122 2482 1313 2550; baseline 0 -17"><span class='ocrx_word' id='word_1_217' title='bbox 122 2491 151 2533; x_wconf 90' lang='grc'><strong>111</strong></span> <span class='ocrx_word' id='word_1_218' title='bbox 163 2484 293 2532; x_wconf 83' lang='lat' dir='ltr'><strong>edidimus.</strong></span> <span class='ocrx_word' id='word_1_219' title='bbox 307 2511 331 2521; x_wconf 90' lang='lat'>-</span> <span class='ocrx_word' id='word_1_220' title='bbox 349 2485 391 2537; x_wconf 81' lang='grc'><strong>72.</strong></span> <span class='ocrx_word' id='word_1_221' title='bbox 406 2484 499 2543; x_wconf 80' lang='lat' dir='ltr'><strong>traxit,</strong></span> <span class='ocrx_word' id='word_1_222' title='bbox 514 2499 551 2532; x_wconf 92' lang='lat' dir='ltr'><strong>sc.</strong></span> <span class='ocrx_word' id='word_1_223' title='bbox 565 2484 697 2546; x_wconf 81' lang='lat' dir='ltr'><strong>inlongum</strong></span> <span class='ocrx_word' id='word_1_224' title='bbox 739 2502 813 2535; x_wconf 89' lang='lat' dir='ltr'><strong>uera.</strong></span> <span class='ocrx_word' id='word_1_225' title='bbox 846 2485 906 2535; x_wconf 86' lang='lat' dir='ltr'><strong>Bas.</strong></span> <span class='ocrx_word' id='word_1_226' title='bbox 923 2483 947 2534; x_wconf 92' lang='grc'><strong>1.</strong></span> <span class='ocrx_word' id='word_1_227' title='bbox 968 2491 994 2533; x_wconf 88' lang='grc'><strong>11</strong></span> <span class='ocrx_word' id='word_1_228' title='bbox 1006 2482 1063 2534; x_wconf 86' lang='lat' dir='ltr'><strong>Par.</strong></span> <span class='ocrx_word' id='word_1_229' title='bbox 1078 2485 1105 2536; x_wconf 86' lang='grc'><strong>2.</strong></span> <span class='ocrx_word' id='word_1_230' title='bbox 1124 2499 1198 2534; x_wconf 85' lang='lat' dir='ltr'><strong>ceros</strong></span> <span class='ocrx_word' id='word_1_231' title='bbox 1211 2498 1313 2550; x_wconf 79' lang='lat' dir='ltr'><strong>quoque</strong></span> 
     </span>
     <span class='ocr_line' id='line_1_29' title="bbox 124 2551 1311 2621; baseline -0.001 -19"><span class='ocrx_word' id='word_1_232' title='bbox 124 2553 216 2602; x_wconf 87' lang='lat' dir='ltr'><strong>sivein</strong></span> <span class='ocrx_word' id='word_1_233' title='bbox 230 2551 345 2615; x_wconf 87' lang='lat' dir='ltr'><strong>spatium.</strong></span> <span class='ocrx_word' id='word_1_234' title='bbox 366 2552 440 2601; x_wconf 82' lang='lat' dir='ltr'><strong>Conl.</strong></span> <span class='ocrx_word' id='word_1_235' title='bbox 454 2567 480 2600; x_wconf 84' lang='lat' dir='ltr'><strong>v.</strong></span> <span class='ocrx_word' id='word_1_236' title='bbox 496 2551 556 2602; x_wconf 83' lang='grc'><strong>178.</strong></span> <span class='ocrx_word' id='word_1_237' title='bbox 739 2554 778 2604; x_wconf 81' lang='lat' dir='ltr'><strong>br.</strong></span> <span class='ocrx_word' id='word_1_238' title='bbox 798 2556 891 2620; x_wconf 82' lang='lat' dir='ltr'><strong>longa.</strong></span> <span class='ocrx_word' id='word_1_239' title='bbox 922 2552 1018 2602; x_wconf 82' lang='lat' dir='ltr'><strong>Zwicc.</strong></span> <span class='ocrx_word' id='word_1_240' title='bbox 1036 2554 1132 2621; x_wconf 83' lang='lat' dir='ltr'><strong>longos</strong></span> <span class='ocrx_word' id='word_1_241' title='bbox 1149 2569 1255 2620; x_wconf 84' lang='lat' dir='ltr'><strong>quoque</strong></span> <span class='ocrx_word' id='word_1_242' title='bbox 1273 2552 1311 2602; x_wconf 85' lang='lat' dir='ltr'><strong>br.</strong></span> 
     </span>
     <span class='ocr_line' id='line_1_30' title="bbox 157 2620 1085 2688; baseline 0 -16"><span class='ocrx_word' id='word_1_243' title='bbox 157 2621 200 2672; x_wconf 87' lang='grc'><strong>73.</strong></span> <span class='ocrx_word' id='word_1_244' title='bbox 215 2620 352 2670; x_wconf 83' lang='lat' dir='ltr'><strong>Construe:</strong></span> <span class='ocrx_word' id='word_1_245' title='bbox 367 2629 393 2671; x_wconf 84' lang='lat' dir='ltr'><strong>ct</strong></span> <span class='ocrx_word' id='word_1_246' title='bbox 405 2621 564 2682; x_wconf 83' lang='lat' dir='ltr'><strong>atvolacris,</strong></span> <span class='ocrx_word' id='word_1_247' title='bbox 579 2622 628 2672; x_wconf 81' lang='lat' dir='ltr'><strong>ult</strong></span> <span class='ocrx_word' id='word_1_248' title='bbox 637 2639 697 2674; x_wconf 84' lang='lat' dir='ltr'><strong>crus</strong></span> <span class='ocrx_word' id='word_1_249' title='bbox 738 2640 825 2675; x_wconf 86' lang='lat' dir='ltr'><strong>ramos</strong></span> <span class='ocrx_word' id='word_1_250' title='bbox 839 2624 905 2673; x_wconf 82' lang='lat' dir='ltr'><strong>Esse</strong></span> <span class='ocrx_word' id='word_1_251' title='bbox 912 2629 992 2688; x_wconf 81' lang='lat' dir='ltr'><strong>putes</strong></span> <span class='ocrx_word' id='word_1_252' title='bbox 1003 2640 1085 2673; x_wconf 81' lang='lat' dir='ltr'><strong>veros.</strong></span> 
     </span>
     <span class='ocr_line' id='line_1_31' title="bbox 121 2690 1308 2756; baseline 0.001 -15"><span class='ocrx_word' id='word_1_253' title='bbox 121 2707 199 2742; x_wconf 80' lang='lat' dir='ltr'><strong>mam</strong></span> <span class='ocrx_word' id='word_1_254' title='bbox 211 2690 322 2756; x_wconf 83' lang='lat' dir='ltr'><strong>laqueis,</strong></span> <span class='ocrx_word' id='word_1_255' title='bbox 337 2707 402 2756; x_wconf 85' lang='lat' dir='ltr'><strong>quos</strong></span> <span class='ocrx_word' id='word_1_256' title='bbox 415 2691 527 2740; x_wconf 84' lang='lat' dir='ltr'><strong>callidus</strong></span> <span class='ocrx_word' id='word_1_257' title='bbox 540 2706 636 2756; x_wconf 84' lang='lat' dir='ltr'><strong>auceps</strong></span> <span class='ocrx_word' id='word_1_258' title='bbox 648 2693 696 2741; x_wconf 85' lang='lat' dir='ltr'><strong>ab·</strong></span> <span class='ocrx_word' id='word_1_259' title='bbox 773 2693 816 2743; x_wconf 97' lang='grc'><strong>81.</strong></span> <span class='ocrx_word' id='word_1_260' title='bbox 844 2693 960 2742; x_wconf 87' lang='lat' dir='ltr'><strong>Heinsius</strong></span> <span class='ocrx_word' id='word_1_261' title='bbox 989 2692 1066 2741; x_wconf 87' lang='lat' dir='ltr'><strong>tacite</strong></span> <span class='ocrx_word' id='word_1_262' title='bbox 1091 2690 1169 2741; x_wconf 91' lang='lat' dir='ltr'><strong>edidit</strong></span> <span class='ocrx_word' id='word_1_263' title='bbox 1187 2691 1308 2754; x_wconf 81' lang='lat' dir='ltr'><strong>saliare,</strong></span> 
     </span>
     <span class='ocr_line' id='line_1_32' title="bbox 120 2759 1312 2827; baseline -0.002 -15"><span class='ocrx_word' id='word_1_264' title='bbox 120 2761 196 2823; x_wconf 83' lang='lat' dir='ltr'><strong>didit,</strong></span> <span class='ocrx_word' id='word_1_265' title='bbox 212 2759 341 2810; x_wconf 84' lang='lat' dir='ltr'><strong>commisit</strong></span> <span class='ocrx_word' id='word_1_266' title='bbox 353 2767 379 2810; x_wconf 90' lang='lat' dir='ltr'><strong>et</strong></span> <span class='ocrx_word' id='word_1_267' title='bbox 390 2759 473 2809; x_wconf 88' lang='lat' dir='ltr'><strong>teneri</strong></span> <span class='ocrx_word' id='word_1_268' title='bbox 479 2776 507 2809; x_wconf 86' lang='lat' dir='ltr'><strong>ec</strong></span> <span class='ocrx_word' id='word_1_269' title='bbox 514 2761 603 2822; x_wconf 85' lang='lat' dir='ltr'><strong>sensit,</strong></span> <span class='ocrx_word' id='word_1_270' title='bbox 614 2761 695 2826; x_wconf 85' lang='lat' dir='ltr'><strong>plan·</strong></span> <span class='ocrx_word' id='word_1_271' title='bbox 738 2764 803 2827; x_wconf 93' lang='lat' dir='ltr'><strong>quod</strong></span> <span class='ocrx_word' id='word_1_272' title='bbox 815 2763 905 2812; x_wconf 88' lang='lat' dir='ltr'><strong>Dresd.</strong></span> <span class='ocrx_word' id='word_1_273' title='bbox 920 2768 945 2810; x_wconf 87' lang='lat' dir='ltr'><strong>et</strong></span> <span class='ocrx_word' id='word_1_274' title='bbox 958 2761 1069 2811; x_wconf 89' lang='lat' dir='ltr'><strong>nonnulli</strong></span> <span class='ocrx_word' id='word_1_275' title='bbox 1076 2759 1134 2812; x_wconf 88' lang='lat' dir='ltr'><strong>Viv.</strong></span> <span class='ocrx_word' id='word_1_276' title='bbox 1148 2760 1208 2811; x_wconf 90' lang='lat' dir='ltr'><strong>libri</strong></span> <span class='ocrx_word' id='word_1_277' title='bbox 1221 2761 1312 2811; x_wconf 83' lang='lat' dir='ltr'><strong>confir-</strong></span> 
     </span>
     <span class='ocr_line' id='line_1_33' title="bbox 119 2828 1026 2898; baseline -0.001 -17"><span class='ocrx_word' id='word_1_278' title='bbox 119 2831 197 2898; x_wconf 81' lang='lat' dir='ltr'><strong>gilar</strong></span> <span class='ocrx_word' id='word_1_279' title='bbox 210 2846 242 2879; x_wconf 88' lang='lat' dir='ltr'><strong>nc</strong></span> <span class='ocrx_word' id='word_1_280' title='bbox 253 2836 343 2880; x_wconf 76' lang='lat' dir='ltr'><strong>etc-</strong></span> <span class='ocrx_word' id='word_1_281' title='bbox 358 2828 400 2878; x_wconf 80' lang='grc'><strong>74.</strong></span> <span class='ocrx_word' id='word_1_282' title='bbox 415 2830 571 2880; x_wconf 85' lang='lat' dir='ltr'><strong>committere</strong></span> <span class='ocrx_word' id='word_1_283' title='bbox 584 2846 647 2879; x_wconf 91' lang='lat' dir='ltr'><strong>nunc</strong></span> <span class='ocrx_word' id='word_1_284' title='bbox 662 2831 692 2879; x_wconf 91' lang='lat' dir='ltr'><strong>de</strong></span> <span class='ocrx_word' id='word_1_285' title='bbox 735 2839 814 2882; x_wconf 88' lang='lat' dir='ltr'><strong>mant.</strong></span> <span class='ocrx_word' id='word_1_286' title='bbox 834 2831 909 2894; x_wconf 80' lang='lat' dir='ltr'><strong>Vulg.</strong></span> <span class='ocrx_word' id='word_1_287' title='bbox 921 2831 1026 2892; x_wconf 75' lang='lat' dir='ltr'><strong>fallere.</strong></span> 
     </span>
     <span class='ocr_line' id='line_1_34' title="bbox 121 2897 1309 2968; baseline 0.001 -20"><span class='ocrx_word' id='word_1_288' title='bbox 121 2915 178 2960; x_wconf 90' lang='lat' dir='ltr'><strong>ave,</strong></span> <span class='ocrx_word' id='word_1_289' title='bbox 194 2914 256 2963; x_wconf 88' lang='lat' dir='ltr'><strong>quae</strong></span> <span class='ocrx_word' id='word_1_290' title='bbox 269 2897 411 2963; x_wconf 86' lang='lat' dir='ltr'><strong>imprudens</strong></span> <span class='ocrx_word' id='word_1_291' title='bbox 424 2905 450 2947; x_wconf 89' lang='grc'><strong>11</strong></span> <span class='ocrx_word' id='word_1_292' title='bbox 462 2898 540 2948; x_wconf 88' lang='lat' dir='ltr'><strong>inscia</strong></span> <span class='ocrx_word' id='word_1_293' title='bbox 553 2900 577 2948; x_wconf 86' lang='lat' dir='ltr'><strong>in</strong></span> <span class='ocrx_word' id='word_1_294' title='bbox 590 2901 693 2963; x_wconf 88' lang='lat' dir='ltr'><strong>laqueos</strong></span> <span class='ocrx_word' id='word_1_295' title='bbox 770 2901 813 2951; x_wconf 95' lang='grc'><strong>85.</strong></span> <span class='ocrx_word' id='word_1_296' title='bbox 828 2900 920 2952; x_wconf 82' lang='lat' dir='ltr'><strong>Midas</strong></span> <span class='ocrx_word' id='word_1_297' title='bbox 931 2918 978 2950; x_wconf 80' lang='lat' dir='ltr'><strong>rea</strong></span> <span class='ocrx_word' id='word_1_298' title='bbox 988 2898 1309 2968; x_wconf 73' lang='lat' dir='ltr'><strong>PbrygiaeoBaeclrope-</strong></span> 
     </span>
     <span class='ocr_line' id='line_1_35' title="bbox 121 2968 1309 3037; baseline 0.002 -19"><span class='ocrx_word' id='word_1_299' title='bbox 121 2968 549 3034; x_wconf 59' lang='grc' dir='ltr'><strong>11ιοὶ1111.-75.ρῖαηζί1ιιν11111111</strong></span> <span class='ocrx_word' id='word_1_300' title='bbox 558 2969 693 3036; x_wconf 82' lang='lat' dir='ltr'><strong>estagitcl</strong></span> <span class='ocrx_word' id='word_1_301' title='bbox 735 2971 784 3031; x_wconf 84' lang='lat' dir='ltr'><strong>tit,</strong></span> <span class='ocrx_word' id='word_1_302' title='bbox 810 2977 842 3020; x_wconf 83' lang='lat' dir='ltr'><strong>nt</strong></span> <span class='ocrx_word' id='word_1_303' title='bbox 861 2970 989 3037; x_wconf 81' lang='lat' dir='ltr'><strong>quidquid</strong></span> <span class='ocrx_word' id='word_1_304' title='bbox 1001 2970 1147 3036; x_wconf 83' lang='lat' dir='ltr'><strong>tetigisset,</strong></span> <span class='ocrx_word' id='word_1_305' title='bbox 1172 2970 1200 3019; x_wconf 88' lang='lat' dir='ltr'><strong>ia</strong></span> <span class='ocrx_word' id='word_1_306' title='bbox 1214 2985 1309 3020; x_wconf 80' lang='lat' dir='ltr'><strong>aarum</strong></span> 
     </span>
     <span class='ocr_line' id='line_1_36' title="bbox 115 3036 1309 3106; baseline 0.001 -16"><span class='ocrx_word' id='word_1_307' title='bbox 115 3054 145 3091; x_wconf 80' lang='lat' dir='ltr'><strong>oe</strong></span> <span class='ocrx_word' id='word_1_308' title='bbox 158 3039 236 3104; x_wconf 87' lang='lat' dir='ltr'><strong>(conl.</strong></span> <span class='ocrx_word' id='word_1_309' title='bbox 250 3036 318 3100; x_wconf 91' lang='lat' dir='ltr'><strong>Vlll,</strong></span> <span class='ocrx_word' id='word_1_310' title='bbox 333 3037 406 3102; x_wconf 82' lang='lat'><strong>528.)</strong></span> <span class='ocrx_word' id='word_1_311' title='bbox 427 3045 453 3086; x_wconf 89' lang='grc'><strong>11</strong></span> <span class='ocrx_word' id='word_1_312' title='bbox 471 3039 524 3088; x_wconf 86' lang='lat' dir='ltr'><strong>alas</strong></span> <span class='ocrx_word' id='word_1_313' title='bbox 537 3039 690 3088; x_wconf 84' lang='lat' dir='ltr'><strong>diverberat.</strong></span> <span class='ocrx_word' id='word_1_314' title='bbox 734 3047 896 3098; x_wconf 70' lang='lat' dir='ltr'><strong>uertereturs</strong></span> <span class='ocrx_word' id='word_1_315' title='bbox 915 3055 1024 3106; x_wconf 85' lang='lat' dir='ltr'><strong>cumque</strong></span> <span class='ocrx_word' id='word_1_316' title='bbox 1034 3041 1091 3090; x_wconf 85' lang='lat' dir='ltr'><strong>coti</strong></span> <span class='ocrx_word' id='word_1_317' title='bbox 1101 3041 1309 3103; x_wconf 73' lang='lat' dir='ltr'><strong>comperfectum</strong></span> 
     </span>
     <span class='ocr_line' id='line_1_37' title="bbox 121 3106 1311 3175; baseline -0.001 -16"><span class='ocrx_word' id='word_1_318' title='bbox 121 3109 211 3160; x_wconf 87' lang='lat' dir='ltr'><strong>Seoec.</strong></span> <span class='ocrx_word' id='word_1_319' title='bbox 232 3108 262 3157; x_wconf 87' lang='lat' dir='ltr'><strong>de</strong></span> <span class='ocrx_word' id='word_1_320' title='bbox 282 3107 332 3156; x_wconf 88' lang='lat' dir='ltr'><strong>lru.</strong></span> <span class='ocrx_word' id='word_1_321' title='bbox 353 3106 397 3157; x_wconf 87' lang='lat' dir='ltr'><strong>lll.</strong></span> <span class='ocrx_word' id='word_1_322' title='bbox 412 3122 434 3157; x_wconf 88' lang='lat' dir='ltr'><strong>c.</strong></span> <span class='ocrx_word' id='word_1_323' title='bbox 452 3107 493 3157; x_wconf 87' lang='lat' dir='ltr'><strong>lli.</strong></span> <span class='ocrx_word' id='word_1_324' title='bbox 525 3109 691 3175; x_wconf 84' lang='lat' dir='ltr'><strong>Sicloqueos</strong></span> <span class='ocrx_word' id='word_1_325' title='bbox 729 3110 805 3172; x_wconf 85' lang='lat' dir='ltr'><strong>same</strong></span> <span class='ocrx_word' id='word_1_326' title='bbox 819 3109 1030 3175; x_wconf 82' lang='lat' dir='ltr'><strong>periclitaretur,</strong></span> <span class='ocrx_word' id='word_1_327' title='bbox 1057 3108 1192 3159; x_wconf 82' lang='lat' dir='ltr'><strong>abeodem</strong></span> <span class='ocrx_word' id='word_1_328' title='bbox 1203 3108 1311 3160; x_wconf 86' lang='lat' dir='ltr'><strong>Bacelro</strong></span> 
     </span>
     <span class='ocr_line' id='line_1_38' title="bbox 117 3177 1307 3245; baseline -0.002 -16"><span class='ocrx_word' id='word_1_329' title='bbox 117 3182 179 3241; x_wconf 75' lang='lat' dir='ltr'><strong>sera</strong></span> <span class='ocrx_word' id='word_1_330' title='bbox 197 3179 258 3228; x_wconf 83' lang='lat' dir='ltr'><strong>dnm</strong></span> <span class='ocrx_word' id='word_1_331' title='bbox 268 3177 363 3238; x_wconf 81' lang='lat' dir='ltr'><strong>jactat</strong></span> <span class='ocrx_word' id='word_1_332' title='bbox 381 3177 541 3245; x_wconf 80' lang='lat' dir='ltr'><strong>adstringit,</strong></span> <span class='ocrx_word' id='word_1_333' title='bbox 573 3179 612 3229; x_wconf 84' lang='lat' dir='ltr'><strong>sic</strong></span> <span class='ocrx_word' id='word_1_334' title='bbox 630 3194 691 3229; x_wconf 83' lang='lat' dir='ltr'><strong>aces</strong></span> <span class='ocrx_word' id='word_1_335' title='bbox 733 3179 762 3229; x_wconf 88' lang='lat' dir='ltr'><strong>in</strong></span> <span class='ocrx_word' id='word_1_336' title='bbox 776 3178 884 3230; x_wconf 85' lang='lat' dir='ltr'><strong>Pactolo</strong></span> <span class='ocrx_word' id='word_1_337' title='bbox 897 3179 984 3244; x_wconf 83' lang='lat' dir='ltr'><strong>flacio</strong></span> <span class='ocrx_word' id='word_1_338' title='bbox 1000 3195 1056 3229; x_wconf 88' lang='lat' dir='ltr'><strong>sese</strong></span> <span class='ocrx_word' id='word_1_339' title='bbox 1074 3177 1307 3236; x_wconf 68' lang='lat' dir='ltr'><strong>alloes-ajamim.</strong></span> 
     </span>
     <span class='ocr_line' id='line_1_39' title="bbox 118 3245 1306 3314; baseline -0.001 -16"><span class='ocrx_word' id='word_1_340' title='bbox 118 3249 216 3299; x_wconf 79' lang='grc'><strong>11111111</strong></span> <span class='ocrx_word' id='word_1_341' title='bbox 252 3247 314 3296; x_wconf 85' lang='lat' dir='ltr'><strong>dum</strong></span> <span class='ocrx_word' id='word_1_342' title='bbox 341 3247 507 3312; x_wconf 76' lang='lat' dir='ltr'><strong>trqridcntee</strong></span> <span class='ocrx_word' id='word_1_343' title='bbox 535 3249 689 3311; x_wconf 77' lang='lat' dir='ltr'><strong>excutiunt,</strong></span> <span class='ocrx_word' id='word_1_344' title='bbox 718 3245 793 3314; x_wconf 66' lang='lat' dir='ltr'><strong>&#39;Quo</strong></span> <span class='ocrx_word' id='word_1_345' title='bbox 801 3251 880 3310; x_wconf 79' lang='lat' dir='ltr'><strong>sacto</strong></span> <span class='ocrx_word' id='word_1_346' title='bbox 894 3248 1306 3311; x_wconf 78' lang='lat' dir='ltr'><strong>illeinfelicimnnerelilrerctur,</strong></span> 
     </span>
     <span class='ocr_line' id='line_1_40' title="bbox 117 3315 1307 3384; baseline 0.001 -17"><span class='ocrx_word' id='word_1_347' title='bbox 117 3316 217 3384; x_wconf 83' lang='lat' dir='ltr'><strong>plumis</strong></span> <span class='ocrx_word' id='word_1_348' title='bbox 230 3315 348 3365; x_wconf 84' lang='lat' dir='ltr'><strong>omnibus</strong></span> <span class='ocrx_word' id='word_1_349' title='bbox 360 3317 477 3367; x_wconf 79' lang='lat' dir='ltr'><strong>illinunt.</strong></span> <span class='ocrx_word' id='word_1_350' title='bbox 727 3317 829 3384; x_wconf 81' lang='lat' dir='ltr'><strong>fluvius</strong></span> <span class='ocrx_word' id='word_1_351' title='bbox 843 3326 931 3369; x_wconf 84' lang='lat' dir='ltr'><strong>autem</strong></span> <span class='ocrx_word' id='word_1_352' title='bbox 943 3334 1038 3368; x_wconf 76' lang='lat' dir='ltr'><strong>aunem</strong></span> <span class='ocrx_word' id='word_1_353' title='bbox 1050 3317 1140 3368; x_wconf 81' lang='lat' dir='ltr'><strong>celere</strong></span> <span class='ocrx_word' id='word_1_354' title='bbox 1151 3318 1248 3384; x_wconf 80' lang='lat' dir='ltr'><strong>coepit.</strong></span> <span class='ocrx_word' id='word_1_355' title='bbox 1266 3317 1307 3368; x_wconf 83' lang='lat' dir='ltr'><strong>Gi.</strong></span> 
     </span>
     <span class='ocr_line' id='line_1_41' title="bbox 156 3383 1307 3453; baseline 0.001 -17"><span class='ocrx_word' id='word_1_356' title='bbox 156 3385 198 3436; x_wconf 82' lang='grc'><strong>75.</strong></span> <span class='ocrx_word' id='word_1_357' title='bbox 218 3390 387 3450; x_wconf 72' lang='lat' dir='ltr'><strong>atqueaeque.</strong></span> <span class='ocrx_word' id='word_1_358' title='bbox 420 3383 692 3443; x_wconf 76' lang='grc'><strong>1111111111.2.,11111</strong></span> <span class='ocrx_word' id='word_1_359' title='bbox 735 3385 845 3453; x_wconf 63' lang='lat' dir='ltr'><strong>Hygr.</strong></span> <span class='ocrx_word' id='word_1_360' title='bbox 868 3386 927 3437; x_wconf 85' lang='grc'><strong>191.</strong></span> <span class='ocrx_word' id='word_1_361' title='bbox 955 3387 1050 3437; x_wconf 90' lang='lat' dir='ltr'><strong>Conon.</strong></span> <span class='ocrx_word' id='word_1_362' title='bbox 1071 3387 1135 3452; x_wconf 86' lang='lat' dir='ltr'><strong>apud</strong></span> <span class='ocrx_word' id='word_1_363' title='bbox 1148 3384 1222 3436; x_wconf 85' lang='lat' dir='ltr'><strong>Phot.</strong></span> <span class='ocrx_word' id='word_1_364' title='bbox 1243 3402 1267 3438; x_wconf 90' lang='lat' dir='ltr'><strong>c.</strong></span> <span class='ocrx_word' id='word_1_365' title='bbox 1282 3386 1307 3437; x_wconf 92' lang='grc'><strong>1.</strong></span> 
     </span>
     <span class='ocr_line' id='line_1_42' title="bbox 120 3451 1140 3519; baseline 0.002 -16"><span class='ocrx_word' id='word_1_366' title='bbox 120 3454 188 3519; x_wconf 89' lang='lat' dir='ltr'><strong>Pat.,</strong></span> <span class='ocrx_word' id='word_1_367' title='bbox 202 3451 261 3501; x_wconf 82' lang='lat' dir='ltr'><strong>Vat.</strong></span> <span class='ocrx_word' id='word_1_368' title='bbox 279 3452 302 3502; x_wconf 91' lang='lat'><strong>1.</strong></span> <span class='ocrx_word' id='word_1_369' title='bbox 318 3460 343 3502; x_wconf 93' lang='lat' dir='ltr'><strong>et</strong></span> <span class='ocrx_word' id='word_1_370' title='bbox 354 3468 418 3502; x_wconf 90' lang='lat' dir='ltr'><strong>unus</strong></span> <span class='ocrx_word' id='word_1_371' title='bbox 430 3452 505 3502; x_wconf 92' lang='lat' dir='ltr'><strong>Voss.</strong></span> <span class='ocrx_word' id='word_1_372' title='bbox 525 3452 623 3517; x_wconf 85' lang='lat' dir='ltr'><strong>lleliqui</strong></span> <span class='ocrx_word' id='word_1_373' title='bbox 636 3469 692 3503; x_wconf 90' lang='lat' dir='ltr'><strong>cum</strong></span> <span class='ocrx_word' id='word_1_374' title='bbox 735 3454 807 3506; x_wconf 88' lang='lat' dir='ltr'><strong>Serv.</strong></span> <span class='ocrx_word' id='word_1_375' title='bbox 823 3457 853 3506; x_wconf 86' lang='lat' dir='ltr'><strong>ud</strong></span> <span class='ocrx_word' id='word_1_376' title='bbox 866 3456 939 3519; x_wconf 79' lang='lat' dir='ltr'><strong>Virg.</strong></span> <span class='ocrx_word' id='word_1_377' title='bbox 952 3456 1016 3507; x_wconf 85' lang='grc'><strong>11111.</strong></span> <span class='ocrx_word' id='word_1_378' title='bbox 1030 3456 1065 3519; x_wconf 91' lang='lat' dir='ltr'><strong>X,</strong></span> <span class='ocrx_word' id='word_1_379' title='bbox 1081 3455 1140 3506; x_wconf 87' lang='grc'><strong>112.</strong></span> 
     </span>
     <span class='ocr_line' id='line_1_43' title="bbox 117 3522 1308 3591; baseline 0.003 -19"><span class='ocrx_word' id='word_1_380' title='bbox 117 3532 180 3576; x_wconf 87' lang='lat' dir='ltr'><strong>vett.</strong></span> <span class='ocrx_word' id='word_1_381' title='bbox 195 3522 253 3572; x_wconf 89' lang='lat' dir='ltr'><strong>edd.</strong></span> <span class='ocrx_word' id='word_1_382' title='bbox 267 3538 445 3588; x_wconf 78' lang='lat' dir='ltr'><strong>quaecamque,</strong></span> <span class='ocrx_word' id='word_1_383' title='bbox 460 3523 525 3586; x_wconf 93' lang='lat' dir='ltr'><strong>quod</strong></span> <span class='ocrx_word' id='word_1_384' title='bbox 536 3523 692 3573; x_wconf 86' lang='lat' dir='ltr'><strong>mihiverum</strong></span> <span class='ocrx_word' id='word_1_385' title='bbox 768 3525 812 3574; x_wconf 87' lang='grc'><strong>85.</strong></span> <span class='ocrx_word' id='word_1_386' title='bbox 831 3526 895 3590; x_wconf 84' lang='lat' dir='ltr'><strong>boc,</strong></span> <span class='ocrx_word' id='word_1_387' title='bbox 921 3526 984 3576; x_wconf 85' lang='lat' dir='ltr'><strong>baec</strong></span> <span class='ocrx_word' id='word_1_388' title='bbox 1002 3541 1082 3591; x_wconf 89' lang='lat' dir='ltr'><strong>poena</strong></span> <span class='ocrx_word' id='word_1_389' title='bbox 1100 3525 1131 3575; x_wconf 89' lang='lat' dir='ltr'><strong>de</strong></span> <span class='ocrx_word' id='word_1_390' title='bbox 1143 3522 1308 3575; x_wconf 78' lang='lat' dir='ltr'><strong>Mercedibus</strong></span> 
     </span>
     <span class='ocr_line' id='line_1_44' title="bbox 116 3593 1309 3662; baseline -0.003 -16"><span class='ocrx_word' id='word_1_391' title='bbox 116 3596 225 3646; x_wconf 87' lang='lat' dir='ltr'><strong>videtur.</strong></span> <span class='ocrx_word' id='word_1_392' title='bbox 734 3601 824 3645; x_wconf 91' lang='lat' dir='ltr'><strong>sumta.</strong></span> <span class='ocrx_word' id='word_1_393' title='bbox 840 3623 871 3633; x_wconf 91' lang='lat'><em>-</em></span> <span class='ocrx_word' id='word_1_394' title='bbox 896 3596 1123 3662; x_wconf 68' lang='lat' dir='ltr'><strong>ipsos-agros,</strong></span> <span class='ocrx_word' id='word_1_395' title='bbox 1149 3593 1309 3643; x_wconf 89' lang='lat' dir='ltr'><strong>ubiuuteli-</strong></span> 
     </span>
     <span class='ocr_line' id='line_1_45' title="bbox 153 3659 1309 3726; baseline -0.004 -9"><span class='ocrx_word' id='word_1_396' title='bbox 153 3666 196 3717; x_wconf 91' lang='grc'><strong>78.</strong></span> <span class='ocrx_word' id='word_1_397' title='bbox 215 3661 399 3722; x_wconf 69' lang='lat' dir='ltr'><strong>exsultantem,</strong></span> <span class='ocrx_word' id='word_1_398' title='bbox 413 3659 540 3710; x_wconf 83' lang='lat' dir='ltr'><strong>exsultare</strong></span> <span class='ocrx_word' id='word_1_399' title='bbox 549 3667 689 3713; x_wconf 85' lang='lat' dir='ltr'><strong>conantem.</strong></span> <span class='ocrx_word' id='word_1_400' title='bbox 734 3662 824 3713; x_wconf 87' lang='lat' dir='ltr'><strong>beuter</strong></span> <span class='ocrx_word' id='word_1_401' title='bbox 835 3672 999 3726; x_wconf 78' lang='lat' dir='ltr'><strong>commoratus</strong></span> <span class='ocrx_word' id='word_1_402' title='bbox 1013 3664 1105 3714; x_wconf 84' lang='lat' dir='ltr'><strong>fuerat.</strong></span> <span class='ocrx_word' id='word_1_403' title='bbox 1120 3662 1186 3712; x_wconf 83' lang='grc' dir='ltr'><strong>-Ε</strong></span> <span class='ocrx_word' id='word_1_404' title='bbox 1200 3662 1309 3712; x_wconf 85' lang='lat' dir='ltr'><strong>Thracia</strong></span> 
     </span>
     <span class='ocr_line' id='line_1_46' title="bbox 116 3731 1307 3801; baseline -0.005 -14"><span class='ocrx_word' id='word_1_405' title='bbox 116 3761 150 3774; x_wconf 93' lang='lat'><em>-</em></span> <span class='ocrx_word' id='word_1_406' title='bbox 163 3737 259 3797; x_wconf 80' lang='lat' dir='ltr'><strong>lentas,</strong></span> <span class='ocrx_word' id='word_1_407' title='bbox 274 3732 314 3796; x_wconf 90' lang='lat' dir='ltr'><strong>qui</strong></span> <span class='ocrx_word' id='word_1_408' title='bbox 328 3746 403 3794; x_wconf 82' lang='lat' dir='ltr'><strong>aegre</strong></span> <span class='ocrx_word' id='word_1_409' title='bbox 417 3737 460 3780; x_wconf 84' lang='lat' dir='ltr'><strong>aut</strong></span> <span class='ocrx_word' id='word_1_410' title='bbox 478 3731 575 3779; x_wconf 90' lang='lat' dir='ltr'><strong>omuino</strong></span> <span class='ocrx_word' id='word_1_411' title='bbox 584 3745 692 3780; x_wconf 89' lang='lat' dir='ltr'><strong>nonma-</strong></span> <span class='ocrx_word' id='word_1_412' title='bbox 735 3748 799 3782; x_wconf 90' lang='lat' dir='ltr'><strong>nuuc</strong></span> <span class='ocrx_word' id='word_1_413' title='bbox 817 3734 951 3784; x_wconf 88' lang='lat' dir='ltr'><strong>transimus</strong></span> <span class='ocrx_word' id='word_1_414' title='bbox 969 3734 994 3783; x_wconf 92' lang='lat' dir='ltr'><strong>iu</strong></span> <span class='ocrx_word' id='word_1_415' title='bbox 1007 3733 1111 3801; x_wconf 81' lang='lat' dir='ltr'><strong>Lydiam</strong></span> <span class='ocrx_word' id='word_1_416' title='bbox 1125 3739 1151 3782; x_wconf 91' lang='grc'><strong>11</strong></span> <span class='ocrx_word' id='word_1_417' title='bbox 1164 3731 1307 3800; x_wconf 72' lang='lat' dir='ltr'><strong>Phrygiam.</strong></span> 
     </span>
     <span class='ocr_line' id='line_1_47' title="bbox 116 3800 1307 3867; baseline -0.003 -12"><span class='ocrx_word' id='word_1_418' title='bbox 116 3813 199 3855; x_wconf 91' lang='lat' dir='ltr'><strong>vetur.</strong></span> <span class='ocrx_word' id='word_1_419' title='bbox 222 3803 321 3852; x_wconf 88' lang='lat' dir='ltr'><strong>Similes</strong></span> <span class='ocrx_word' id='word_1_420' title='bbox 335 3802 359 3850; x_wconf 93' lang='lat' dir='ltr'><strong>in</strong></span> <span class='ocrx_word' id='word_1_421' title='bbox 373 3801 476 3866; x_wconf 87' lang='lat' dir='ltr'><strong>arbores</strong></span> <span class='ocrx_word' id='word_1_422' title='bbox 489 3800 691 3849; x_wconf 80' lang='lat' dir='ltr'><strong>transformatio·</strong></span> <span class='ocrx_word' id='word_1_423' title='bbox 769 3803 813 3853; x_wconf 88' lang='grc'><strong>85.</strong></span> <span class='ocrx_word' id='word_1_424' title='bbox 831 3803 906 3864; x_wconf 81' lang='lat' dir='ltr'><strong>lum,</strong></span> <span class='ocrx_word' id='word_1_425' title='bbox 927 3802 981 3852; x_wconf 87' lang='lat' dir='ltr'><strong>Pal.</strong></span> <span class='ocrx_word' id='word_1_426' title='bbox 995 3803 1022 3856; x_wconf 89' lang='grc'><strong>2.</strong></span> <span class='ocrx_word' id='word_1_427' title='bbox 1036 3810 1062 3853; x_wconf 87' lang='grc'><strong>11</strong></span> <span class='ocrx_word' id='word_1_428' title='bbox 1075 3802 1132 3852; x_wconf 90' lang='lat' dir='ltr'><strong>Par.</strong></span> <span class='ocrx_word' id='word_1_429' title='bbox 1148 3801 1173 3852; x_wconf 92' lang='lat' dir='ltr'><strong>l.</strong></span> <span class='ocrx_word' id='word_1_430' title='bbox 1194 3804 1307 3867; x_wconf 81' lang='lat' dir='ltr'><strong>spineta.</strong></span> 
     </span>
     <span class='ocr_line' id='line_1_48' title="bbox 117 3869 1306 3937; baseline -0.002 -15"><span class='ocrx_word' id='word_1_431' title='bbox 117 3889 162 3922; x_wconf 89' lang='lat' dir='ltr'><strong>nes</strong></span> <span class='ocrx_word' id='word_1_432' title='bbox 175 3879 233 3922; x_wconf 90' lang='lat' dir='ltr'><strong>sunt</strong></span> <span class='ocrx_word' id='word_1_433' title='bbox 252 3871 271 3933; x_wconf 94' lang='lat' dir='ltr'><strong>l,</strong></span> <span class='ocrx_word' id='word_1_434' title='bbox 288 3871 337 3921; x_wconf 88' lang='grc'><strong>518</strong></span> <span class='ocrx_word' id='word_1_435' title='bbox 350 3887 419 3937; x_wconf 89' lang='lat' dir='ltr'><strong>seqq.</strong></span> <span class='ocrx_word' id='word_1_436' title='bbox 442 3870 473 3934; x_wconf 93' lang='lat' dir='ltr'><strong>ll,</strong></span> <span class='ocrx_word' id='word_1_437' title='bbox 489 3869 538 3921; x_wconf 80' lang='lat'><strong>346</strong></span> <span class='ocrx_word' id='word_1_438' title='bbox 552 3885 621 3936; x_wconf 93' lang='lat' dir='ltr'><strong>seqq.</strong></span> <span class='ocrx_word' id='word_1_439' title='bbox 643 3870 689 3934; x_wconf 94' lang='lat' dir='ltr'><strong>lX,</strong></span> <span class='ocrx_word' id='word_1_440' title='bbox 735 3870 840 3936; x_wconf 76' lang='lat' dir='ltr'><strong>Quidam</strong></span> <span class='ocrx_word' id='word_1_441' title='bbox 854 3872 951 3935; x_wconf 82' lang='lat' dir='ltr'><strong>licius,</strong></span> <span class='ocrx_word' id='word_1_442' title='bbox 966 3872 1048 3934; x_wconf 79' lang='lat' dir='ltr'><strong>Cael,</strong></span> <span class='ocrx_word' id='word_1_443' title='bbox 1064 3871 1192 3933; x_wconf 72' lang='grc'><strong>(111112,</strong></span> <span class='ocrx_word' id='word_1_444' title='bbox 1208 3871 1267 3921; x_wconf 87' lang='lat' dir='ltr'><strong>Par.</strong></span> <span class='ocrx_word' id='word_1_445' title='bbox 1279 3873 1306 3925; x_wconf 86' lang='grc'><strong>2.</strong></span> 
     </span>
     <span class='ocr_line' id='line_1_49' title="bbox 117 3939 1306 4006; baseline -0.001 -14"><span class='ocrx_word' id='word_1_446' title='bbox 117 3941 167 3992; x_wconf 84' lang='grc'><strong>319</strong></span> <span class='ocrx_word' id='word_1_447' title='bbox 181 3955 250 4005; x_wconf 91' lang='lat' dir='ltr'><strong>seqq.</strong></span> <span class='ocrx_word' id='word_1_448' title='bbox 264 3939 298 4000; x_wconf 89' lang='lat' dir='ltr'><strong>X,</strong></span> <span class='ocrx_word' id='word_1_449' title='bbox 314 3940 363 3990; x_wconf 87' lang='grc'><strong>199</strong></span> <span class='ocrx_word' id='word_1_450' title='bbox 377 3956 447 4006; x_wconf 86' lang='lat' dir='ltr'><strong>seqq.</strong></span> <span class='ocrx_word' id='word_1_451' title='bbox 734 3955 778 4005; x_wconf 88' lang='lat' dir='ltr'><strong>pro</strong></span> <span class='ocrx_word' id='word_1_452' title='bbox 791 3956 817 3990; x_wconf 88' lang='lat' dir='ltr'><strong>v.</strong></span> <span class='ocrx_word' id='word_1_453' title='bbox 831 3942 866 4003; x_wconf 92' lang='grc'><strong>1.,</strong></span> <span class='ocrx_word' id='word_1_454' title='bbox 880 3940 950 4006; x_wconf 88' lang='lat' dir='ltr'><strong>Lips.</strong></span> <span class='ocrx_word' id='word_1_455' title='bbox 967 3941 1009 4003; x_wconf 87' lang='lat'><strong>1.,</strong></span> <span class='ocrx_word' id='word_1_456' title='bbox 1023 3957 1087 3990; x_wconf 90' lang='lat' dir='ltr'><strong>unus</strong></span> <span class='ocrx_word' id='word_1_457' title='bbox 1101 3940 1180 3991; x_wconf 90' lang='lat' dir='ltr'><strong>Sulm.</strong></span> <span class='ocrx_word' id='word_1_458' title='bbox 1196 3948 1222 3990; x_wconf 87' lang='lat' dir='ltr'><strong>el</strong></span> <span class='ocrx_word' id='word_1_459' title='bbox 1233 3940 1306 3991; x_wconf 83' lang='lat' dir='ltr'><strong>Vrut.</strong></span> 
     </span>
     <span class='ocr_line' id='line_1_50' title="bbox 151 4008 1307 4076; baseline 0 -16"><span class='ocrx_word' id='word_1_460' title='bbox 151 4010 195 4060; x_wconf 88' lang='lat'><strong>80.</strong></span> <span class='ocrx_word' id='word_1_461' title='bbox 215 4009 359 4058; x_wconf 83' lang='lat' dir='ltr'><strong>succedere.</strong></span> <span class='ocrx_word' id='word_1_462' title='bbox 374 4010 466 4059; x_wconf 89' lang='lat' dir='ltr'><strong>Dresd.</strong></span> <span class='ocrx_word' id='word_1_463' title='bbox 480 4017 506 4059; x_wconf 88' lang='grc'><strong>11</strong></span> <span class='ocrx_word' id='word_1_464' title='bbox 518 4008 588 4060; x_wconf 88' lang='lat' dir='ltr'><strong>multi</strong></span> <span class='ocrx_word' id='word_1_465' title='bbox 602 4009 690 4059; x_wconf 88' lang='lat' dir='ltr'><strong>Heius.</strong></span> <span class='ocrx_word' id='word_1_466' title='bbox 729 4010 834 4076; x_wconf 82' lang='lat' dir='ltr'><strong>pineta.</strong></span> <span class='ocrx_word' id='word_1_467' title='bbox 860 4009 958 4075; x_wconf 85' lang='lat' dir='ltr'><strong>lleliqui</strong></span> <span class='ocrx_word' id='word_1_468' title='bbox 977 4011 1078 4061; x_wconf 85' lang='lat' dir='ltr'><strong>cineta.</strong></span> <span class='ocrx_word' id='word_1_469' title='bbox 1103 4010 1307 4060; x_wconf 83' lang='lat' dir='ltr'><strong>lleBacclrobic</strong></span> 
     </span>
     <span class='ocr_line' id='line_1_51' title="bbox 115 4077 1309 4146; baseline -0.003 -14"><span class='ocrx_word' id='word_1_470' title='bbox 115 4092 286 4137; x_wconf 77' lang='lat' dir='ltr'><strong>succrescere,</strong></span> <span class='ocrx_word' id='word_1_471' title='bbox 301 4084 328 4123; x_wconf 91' lang='grc'><strong>111</strong></span> <span class='ocrx_word' id='word_1_472' title='bbox 341 4077 386 4139; x_wconf 82' lang='lat' dir='ltr'><strong>lx,</strong></span> <span class='ocrx_word' id='word_1_473' title='bbox 402 4078 462 4127; x_wconf 84' lang='lat'><strong>353.</strong></span> <span class='ocrx_word' id='word_1_474' title='bbox 732 4095 814 4129; x_wconf 89' lang='lat' dir='ltr'><strong>sermo</strong></span> <span class='ocrx_word' id='word_1_475' title='bbox 834 4085 881 4129; x_wconf 85' lang='lat' dir='ltr'><strong>est.</strong></span> <span class='ocrx_word' id='word_1_476' title='bbox 902 4107 937 4120; x_wconf 92' lang='lat'><em>-</em></span> <span class='ocrx_word' id='word_1_477' title='bbox 966 4079 1003 4129; x_wconf 89' lang='lat' dir='ltr'><strong>De</strong></span> <span class='ocrx_word' id='word_1_478' title='bbox 1025 4078 1132 4146; x_wconf 77' lang='lat' dir='ltr'><strong>Tymolo</strong></span> <span class='ocrx_word' id='word_1_479' title='bbox 1152 4086 1179 4128; x_wconf 90' lang='lat' dir='ltr'><strong>ct</strong></span> <span class='ocrx_word' id='word_1_480' title='bbox 1199 4079 1309 4131; x_wconf 88' lang='lat' dir='ltr'><strong>Pactolo</strong></span> 
     </span>
     <span class='ocr_line' id='line_1_52' title="bbox 150 4147 1306 4215; baseline 0.001 -17"><span class='ocrx_word' id='word_1_481' title='bbox 150 4147 194 4198; x_wconf 90' lang='lat'><strong>81.</strong></span> <span class='ocrx_word' id='word_1_482' title='bbox 214 4147 366 4209; x_wconf 81' lang='lat' dir='ltr'><strong>Exspecles:</strong></span> <span class='ocrx_word' id='word_1_483' title='bbox 390 4155 484 4211; x_wconf 87' lang='lat' dir='ltr'><strong>pectus</strong></span> <span class='ocrx_word' id='word_1_484' title='bbox 496 4163 600 4212; x_wconf 82' lang='lat' dir='ltr'><strong>quoque</strong></span> <span class='ocrx_word' id='word_1_485' title='bbox 610 4147 691 4197; x_wconf 86' lang='lat' dir='ltr'><strong>robur</strong></span> <span class='ocrx_word' id='word_1_486' title='bbox 731 4149 783 4199; x_wconf 87' lang='lat' dir='ltr'><strong>vid.</strong></span> <span class='ocrx_word' id='word_1_487' title='bbox 797 4148 841 4210; x_wconf 91' lang='lat' dir='ltr'><strong>Vl,</strong></span> <span class='ocrx_word' id='word_1_488' title='bbox 858 4147 946 4198; x_wconf 87' lang='lat'><strong>15.-</strong></span> <span class='ocrx_word' id='word_1_489' title='bbox 970 4149 1025 4211; x_wconf 87' lang='lat' dir='ltr'><strong>eui,</strong></span> <span class='ocrx_word' id='word_1_490' title='bbox 1040 4149 1086 4215; x_wconf 87' lang='lat' dir='ltr'><strong>ipsi</strong></span> <span class='ocrx_word' id='word_1_491' title='bbox 1098 4148 1219 4213; x_wconf 88' lang='lat' dir='ltr'><strong>imprimis</strong></span> <span class='ocrx_word' id='word_1_492' title='bbox 1232 4149 1306 4211; x_wconf 62' lang='lat' dir='ltr'><strong>muti.</strong></span> 
     </span>
     <span class='ocr_line' id='line_1_53' title="bbox 115 4212 1307 4285; baseline -0.001 -16"><span class='ocrx_word' id='word_1_493' title='bbox 115 4235 138 4269; x_wconf 88' lang='lat' dir='ltr'><strong>s.</strong></span> <span class='ocrx_word' id='word_1_494' title='bbox 158 4213 307 4277; x_wconf 84' lang='lat' dir='ltr'><strong>roborafit.</strong></span> <span class='ocrx_word' id='word_1_495' title='bbox 332 4212 391 4276; x_wconf 91' lang='lat' dir='ltr'><strong>XV,</strong></span> <span class='ocrx_word' id='word_1_496' title='bbox 407 4215 467 4268; x_wconf 90' lang='grc'><strong>529.</strong></span> <span class='ocrx_word' id='word_1_497' title='bbox 486 4222 691 4283; x_wconf 85' lang='lat' dir='ltr'><strong>anumquserat</strong></span> <span class='ocrx_word' id='word_1_498' title='bbox 766 4217 809 4268; x_wconf 90' lang='grc'><strong>87.</strong></span> <span class='ocrx_word' id='word_1_499' title='bbox 829 4233 882 4268; x_wconf 89' lang='lat' dir='ltr'><strong>non</strong></span> <span class='ocrx_word' id='word_1_500' title='bbox 899 4218 1086 4285; x_wconf 80' lang='lat' dir='ltr'><strong>illotcmpore,</strong></span> <span class='ocrx_word' id='word_1_501' title='bbox 1113 4225 1211 4267; x_wconf 82' lang='lat' dir='ltr'><strong>utmos</strong></span> <span class='ocrx_word' id='word_1_502' title='bbox 1226 4218 1307 4268; x_wconf 86' lang='lat' dir='ltr'><strong>lactus</strong></span> 
     </span>
     <span class='ocr_line' id='line_1_54' title="bbox 116 4285 1307 4353; baseline 0.001 -14"><span class='ocrx_word' id='word_1_503' title='bbox 116 4285 321 4340; x_wconf 81' lang='lat' dir='ltr'><strong>omnicculnus.</strong></span> <span class='ocrx_word' id='word_1_504' title='bbox 732 4293 780 4336; x_wconf 86' lang='lat' dir='ltr'><strong>est.</strong></span> <span class='ocrx_word' id='word_1_505' title='bbox 807 4285 997 4339; x_wconf 74' lang='grc'><strong>911112.-</strong></span> <span class='ocrx_word' id='word_1_506' title='bbox 1017 4287 1060 4338; x_wconf 88' lang='grc'><strong>88.</strong></span> <span class='ocrx_word' id='word_1_507' title='bbox 1078 4288 1165 4348; x_wconf 74' lang='lat' dir='ltr'><strong>cares,</strong></span> <span class='ocrx_word' id='word_1_508' title='bbox 1181 4287 1307 4353; x_wconf 86' lang='lat' dir='ltr'><strong>pretiosis.</strong></span> 
     </span>
     <span class='ocr_line' id='line_1_55' title="bbox 148 4349 1193 4423; baseline 0.005 -21"><span class='ocrx_word' id='word_1_509' title='bbox 148 4357 192 4406; x_wconf 85' lang='lat'><strong>83.</strong></span> <span class='ocrx_word' id='word_1_510' title='bbox 208 4360 381 4423; x_wconf 84' lang='lat' dir='ltr'><strong>porrectaque</strong></span> <span class='ocrx_word' id='word_1_511' title='bbox 400 4349 512 4401; x_wconf 83' lang='lat' dir='ltr'><strong>lraclriu</strong></span> <span class='ocrx_word' id='word_1_512' title='bbox 530 4368 615 4402; x_wconf 83' lang='lat' dir='ltr'><strong>ceros.</strong></span> <span class='ocrx_word' id='word_1_513' title='bbox 651 4354 689 4404; x_wconf 88' lang='lat' dir='ltr'><strong>lta</strong></span> <span class='ocrx_word' id='word_1_514' title='bbox 730 4356 815 4405; x_wconf 85' lang='lat' dir='ltr'><strong>-De</strong></span> <span class='ocrx_word' id='word_1_515' title='bbox 828 4357 970 4407; x_wconf 76' lang='lat' dir='ltr'><strong>invidiosus</strong></span> <span class='ocrx_word' id='word_1_516' title='bbox 982 4357 1050 4406; x_wconf 85' lang='lat' dir='ltr'><strong>coni.</strong></span> <span class='ocrx_word' id='word_1_517' title='bbox 1065 4356 1114 4420; x_wconf 90' lang='lat' dir='ltr'><strong>lV,</strong></span> <span class='ocrx_word' id='word_1_518' title='bbox 1132 4357 1193 4407; x_wconf 89' lang='grc'><strong>795.</strong></span> 
     </span>
     <span class='ocr_line' id='line_1_56' title="bbox 113 4420 1308 4495; baseline -0.002 -19"><span class='ocrx_word' id='word_1_519' title='bbox 113 4427 170 4476; x_wconf 91' lang='lat' dir='ltr'><strong>cod.</strong></span> <span class='ocrx_word' id='word_1_520' title='bbox 186 4427 299 4485; x_wconf 87' lang='lat' dir='ltr'><strong>Bersm.,</strong></span> <span class='ocrx_word' id='word_1_521' title='bbox 325 4422 426 4482; x_wconf 87' lang='lat' dir='ltr'><strong>Berol.,</strong></span> <span class='ocrx_word' id='word_1_522' title='bbox 453 4420 565 4484; x_wconf 74' lang='lat' dir='ltr'><strong>Briant,</strong></span> <span class='ocrx_word' id='word_1_523' title='bbox 585 4421 687 4487; x_wconf 79' lang='grc'><strong>1111111,</strong></span> <span class='ocrx_word' id='word_1_524' title='bbox 766 4425 811 4474; x_wconf 89' lang='grc'><strong>89.</strong></span> <span class='ocrx_word' id='word_1_525' title='bbox 836 4425 931 4495; x_wconf 74' lang='lat' dir='ltr'><strong>Satyri</strong></span> <span class='ocrx_word' id='word_1_526' title='bbox 947 4427 1060 4492; x_wconf 87' lang='lat' dir='ltr'><strong>perpetui</strong></span> <span class='ocrx_word' id='word_1_527' title='bbox 1076 4426 1169 4476; x_wconf 82' lang='lat' dir='ltr'><strong>liacchi</strong></span> <span class='ocrx_word' id='word_1_528' title='bbox 1194 4427 1308 4477; x_wconf 85' lang='lat' dir='ltr'><strong>comites.</strong></span> 
     </span>
     <span class='ocr_line' id='line_1_57' title="bbox 114 4488 1311 4564; baseline -0.001 -15"><span class='ocrx_word' id='word_1_529' title='bbox 114 4496 189 4549; x_wconf 83' lang='lat' dir='ltr'><strong>Goth.</strong></span> <span class='ocrx_word' id='word_1_530' title='bbox 205 4495 229 4546; x_wconf 95' lang='grc'><strong>1.</strong></span> <span class='ocrx_word' id='word_1_531' title='bbox 243 4509 288 4562; x_wconf 89' lang='lat' dir='ltr'><strong>pro</strong></span> <span class='ocrx_word' id='word_1_532' title='bbox 300 4506 326 4543; x_wconf 88' lang='lat' dir='ltr'><strong>v.</strong></span> <span class='ocrx_word' id='word_1_533' title='bbox 342 4491 379 4554; x_wconf 90' lang='lat' dir='ltr'><strong>l.,</strong></span> <span class='ocrx_word' id='word_1_534' title='bbox 399 4505 463 4542; x_wconf 90' lang='lat' dir='ltr'><strong>unus</strong></span> <span class='ocrx_word' id='word_1_535' title='bbox 476 4488 556 4558; x_wconf 73' lang='lat' dir='ltr'><strong>Mau,</strong></span> <span class='ocrx_word' id='word_1_536' title='bbox 576 4489 635 4542; x_wconf 83' lang='lat' dir='ltr'><strong>Pur.</strong></span> <span class='ocrx_word' id='word_1_537' title='bbox 651 4492 687 4556; x_wconf 87' lang='lat' dir='ltr'><strong>l.,</strong></span> <span class='ocrx_word' id='word_1_538' title='bbox 731 4494 752 4559; x_wconf 97' lang='lat' dir='ltr'><strong>l,</strong></span> <span class='ocrx_word' id='word_1_539' title='bbox 769 4494 828 4547; x_wconf 89' lang='grc'><strong>193.</strong></span> <span class='ocrx_word' id='word_1_540' title='bbox 844 4523 891 4557; x_wconf 61' lang='grc'><strong>-,</strong></span> <span class='ocrx_word' id='word_1_541' title='bbox 901 4499 1090 4564; x_wconf 77' lang='lat' dir='ltr'><strong>frequentant,</strong></span> <span class='ocrx_word' id='word_1_542' title='bbox 1103 4495 1246 4561; x_wconf 78' lang='lat' dir='ltr'><strong>celebrent,</strong></span> <span class='ocrx_word' id='word_1_543' title='bbox 1260 4495 1311 4548; x_wconf 76' lang='lat' dir='ltr'><strong>im·</strong></span> 
     </span>
    </p>
   </div>
   <div class='ocr_carea' id='block_1_4' title="bbox 0 0 1436 4890">
    <p class='ocr_par' dir='ltr' id='par_1_5' title="bbox 0 0 1436 4890">
     <span class='ocr_line' id='line_1_58' title="bbox 0 0 1436 4890; baseline 0 1"><span class='ocrx_word' id='word_1_544' title='bbox 0 0 1436 4890; x_wconf 95' lang='lat' dir='ltr'><strong> </strong></span> 
     </span>
    </p>
   </div>
  </div>
 </body>
</html>
