2864 4890
469 174 797 233 fflmowuosaolt
814 174 946 231 antima.
1207 178 1307 238 xxvtt

110 354 249 399 aureum
273 331 392 400 attulit.
435 330 570 416 Medea,
598 330 748 399 lasonem
774 330 1000 400 inGraeciam
1014 335 1151 416 secuta,
1181 332 1308 401 Aesoni

113 434 185 525 ejus
207 435 290 523 patri
310 426 462 502 veneficii
484 458 545 523 ope
565 432 721 525 juvenem
741 435 892 518 reddidit,
917 436 1069 522 idemque
1086 434 1210 518 Peliae,
1232 459 1304 502 sce·

113 537 216 602 lerato
236 537 376 603 Aesonis
397 537 513 619 fratri,
534 537 696 625 pollicita,
720 537 904 625 speciminis
935 560 1030 603 causa
1053 553 1127 603 ente
1148 538 1306 604 ariete-in

113 661 234 725 agnum
256 640 454 722 reformato,
477 637 508 703 ei
529 640 643 706 mortis
665 663 761 706 causa
788 640 863 706 fuit.
913 638 992 704 lnde
1012 639 1127 705 Medea
1148 662 1207 727 per
1227 644 1303 708 adra

115 741 207 808 varia
240 742 314 807 loca
353 741 694 808 transformationibus
736 741 877 828 insignia
912 756 1151 830 praetervecta,
1192 742 1306 810 occisis

116 840 268 908 corinthi
298 844 409 910 liberis
444 843 511 910 suis
540 859 571 909 et
602 844 735 931 pellice,
771 845 918 910 Athenas
946 844 1095 932 pervenit
1132 844 1307 933 nupsitque

113 944 229 1032 Aegeo
250 946 321 1032 regi
341 947 402 1011 sub
423 945 562 1012 reditum
582 945 671 1012 illius
694 946 767 1027 lilii,
791 945 926 1028 Thesei,
947 970 1044 1031 quem
1064 969 1165 1034 paene
1177 970 1306 1014 veneno

116 1045 253 1131 occidit,
275 1072 338 1133 quo
359 1049 446 1115 facto
468 1053 572 1134 effugit
592 1053 645 1113 illu
666 1072 789 1127 necem,
819 1052 937 1143 nebulis
959 1072 1020 1133 per
1046 1056 1185 1114 emmena
1209 1057 1307 1116 nubs.

116 1149 222 1236 Aegei
239 1150 358 1238 gaudia
379 1152 420 1216 de
441 1166 571 1239 recepto
591 1151 660 1228 lilio
682 1153 790 1216 turbat
810 1150 930 1233 Minos,
954 1151 1077 1216 bellum
1098 1165 1210 1217 contra
1232 1175 1308 1218 eum

116 1275 254 1341 parans,
282 1252 424 1319 collectis
453 1252 595 1338 undique
620 1253 739 1343 copiis,
769 1254 866 1320 etiam
899 1252 1043 1336 eParo,
1070 1252 1129 1318 ubi
1156 1253 1250 1320 Arne
1270 1253 1307 1320 in

116 1354 326 1420 monedulam
345 1356 453 1422 fuerat
470 1377 647 1439 conversa,
676 1371 707 1421 et
727 1356 874 1421 Aeacum
896 1378 1023 1441 quoque
1048 1354 1084 1418 in
1096 1369 1212 1443 partes
1233 1378 1309 1423 suas

117 1456 247 1522 trahere
268 1457 411 1544 cupiens.
462 1457 509 1522 At
529 1456 586 1523 ille
607 1472 737 1546 aparte
766 1456 831 1522 fuit
850 1455 974 1543 Aegei,
1003 1455 1096 1541 eique
1125 1455 1309 1547 Myrmido-

116 1581 175 1624 nes
195 1581 270 1624 suos
297 1558 423 1625 auxilio
444 1558 551 1642 misit,
574 1575 647 1648 post
667 1582 803 1646 gravem
827 1574 949 1647 pestem
978 1582 997 1623 e
1028 1558 1176 1625 formicis
1205 1575 1308 1644 ortos,

118 1660 201 1726 duce
222 1659 366 1750 Cephalo
387 1661 600 1744 Atheniensi,
623 1662 679 1747 qui
699 1662 831 1744 Phoco,
857 1660 961 1726 Aeaci
981 1660 1048 1725 lilio
1070 1677 1201 1745 narrat,
1224 1652 1308 1748 qud·

118 1763 216 1828 modo
242 1764 283 1829 ab
305 1762 437 1830 Aurora
459 1779 490 1829 et
510 1779 621 1852 raptus
642 1764 702 1847 sit,
732 1780 763 1830 et
787 1763 851 1829 alia
877 1764 991 1842 forma,
1011 1762 1145 1829 indutus
1165 1763 1308 1831 Procrin

118 1888 260 1932 uxorem
281 1866 413 1932 tentarit
433 1867 523 1932 etad
545 1866 742 1933 adulterium
762 1865 947 1955 pellexerit,
971 1866 1012 1930 ab
1036 1888 1137 1950 eaque
1163 1889 1207 1932 ex
1228 1866 1312 1953 fuga

118 1991 249 2034 reversa
272 1992 386 2033 canem
415 1983 446 2035 et
472 1966 617 2059 jaculum
645 1968 823 2057 acceperit,
857 1991 997 2054 quorum
1023 1967 1080 2033 ille
1107 1990 1182 2033 cum
1209 1968 1312 2058 volpe

119 2069 279 2137 'lhebana
301 2071 338 2135 in
358 2093 477 2135 saxum
499 2093 674 2136 conversus
696 2071 756 2152 sit,
787 2069 850 2136 hoc
870 2084 979 2136 autem
1006 2092 1026 2135 a
1052 2092 1087 2134 se
1112 2068 1312 2159 imprudenti

117 2170 254 2239 missum
274 2194 417 2236 uxorem
444 2170 656 2236 interfecerit.

207 2369 284 2436 Lib.
305 2367 399 2435 Vlll.
443 2368 527 2435 Gum
547 2369 655 2436 Minos
675 2368 807 2436 iuterim
820 2369 988 2459 Megaram
1004 2368 1175 2452 obsideret,
1197 2364 1312 2461 Scylla

117 2497 234 2543 amore
267 2469 334 2561 ejus
369 2487 478 2559 capta,
514 2472 652 2560 patriam
679 2473 709 2538 ei
739 2472 901 2560 prodidit,
942 2472 1082 2537 abscisso
1117 2472 1211 2538 fatali
1237 2470 1313 2539 Nisi

120 2575 220 2666 patris
243 2572 333 2638 crine
351 2598 535 2662 purpureot
563 2575 619 2640 sed
639 2590 746 2664 spreta
768 2575 809 2639 ab
832 2597 870 2639 eo
893 2598 968 2639 cum
989 2574 1136 2640 abeuntis
1157 2574 1236 2640 navi
1256 2575 1311 2639 in·

120 2678 286 2757 haereret,
307 2675 343 2740 in
365 2674 448 2740 cirin
469 2699 565 2743 avem
596 2692 718 2742 mutata
746 2691 811 2759 est,
839 2699 940 2761 quum
965 2692 1057 2763 pater
1083 2676 1152 2766 ejus
1179 2690 1255 2742 ante
1276 2675 1314 2743 in

121 2779 305 2845 haliaeie'ton
326 2800 440 2843 versus
462 2794 553 2847 esset.
596 2778 760 2846 Reversus
785 2777 820 2843 in
851 2776 983 2843 Cretam
1008 2777 1118 2843 Minos
1144 2777 1312 2843 Minotau-

121 2904 198 2947 rum
203 2926 216 2963 ,
251 2879 466 2969 opprobrium
492 2882 621 2968 generis
649 2881 720 2965 sui,
755 2879 946 2968 labyrintho
974 2903 994 2945 a
1020 2879 1171 2946 Daedalo
1200 2877 1315 2944 aedifi·

123 2976 197 3047 cato
217 2980 371 3063 includit,
392 2981 484 3067 eique
505 2983 718 3049 comedendos
741 2980 878 3070 objecit,
915 3005 994 3067 quos
1015 2981 1231 3047 Athenienses
1252 3003 1315 3068 pro

122 3083 246 3151 tributo
266 3083 435 3150 mittebant
454 3083 610 3176 juvenes;
642 3110 660 3150 e
686 3084 802 3170 quibus
825 3084 974 3150 Theseus
1001 3098 1184 3148 monstrum
1211 3083 1315 3149 inter·

121 3186 208 3270 licit,
231 3201 326 3271 atque
355 3185 544 3269 Ariadnen,
572 3187 694 3253 Minois
714 3184 834 3267 liliam,
864 3182 955 3272 cujus
978 3207 1038 3271 ope
1061 3207 1104 3248 ex
1124 3182 1315 3262 labyrintho

122 3312 191 3355 sese
211 3287 418 3375 expedierat,
452 3288 625 3355 abductam
659 3288 696 3352 in
722 3286 791 3353 Dia
817 3285 924 3351 insula
951 3285 1124 3374 relinquit,
1155 3285 1213 3352 ubi
1243 3309 1315 3352 eam

122 3384 273 3456 Bacchus
297 3388 393 3455 duxit
416 3387 547 3477 ejusque
570 3413 725 3457 coronam
745 3389 833 3454 sidus
854 3388 942 3454 fecit.
977 3388 1144 3455 Daedalus
1166 3414 1241 3456 cum
1262 3387 1316 3453 in·

127 3490 212 3558 vitus
231 3491 268 3557 in
290 3489 387 3557 Greta
407 3491 612 3576 retineretur,
635 3491 815 3559 artificiosis
831 3491 890 3557 alis
911 3491 1055 3558 inventis
1071 3493 1217 3560 avolavit
1240 3513 1315 3555 cum

126 3593 194 3660 filio
214 3592 327 3676 lcaro,
350 3593 406 3680 qui
428 3609 536 3660 tamen
565 3595 641 3661 solis
664 3597 773 3661 calore
794 3594 908 3660 solutis
934 3594 994 3662 alis
1015 3595 1051 3660 in
1072 3619 1164 3662 mare
1185 3591 1315 3674 decidit,

123 3695 238 3781 illique
258 3696 343 3761 mari
363 3721 483 3762 nomen
512 3697 599 3763 dedit
618 3697 772 3765 Icarium.
821 3695 929 3788 Hujus
958 3696 1127 3780 exsequias
1148 3694 1316 3758 celebran-

126 3813 190 3864 tem
211 3815 338 3887 patrem
360 3799 443 3866 vidit
459 3815 489 3866 et
503 3801 615 3887 gavisa
630 3817 677 3867 est
691 3801 810 3890 perdix
825 3825 842 3865 e
856 3799 1007 3878 Perdice,
1023 3795 1164 3862 Daedali
1179 3811 1316 3884 cognato

122 3898 367 3986 ¹multarumque
389 3926 499 3968 rerum
527 3904 717 3988 inventore,
747 3927 844 3990 quem
864 3898 1032 3965 Daedalus
1060 3899 1184 3966 invidia
1208 3913 1317 3967 motus

124 4026 170 4069 ex
207 4026 282 4069 arce
308 4002 477 4071 Minervae
504 4007 714 4095 praecipitem
749 4005 898 4085 dederat,
929 4002 1170 4070 transformata.
1223 4000 1317 4094 The·
1354 4091 1363 4099 Ι

122 4129 198 4172 seus
219 4106 361 4188 interea,
384 4131 458 4177 cum
478 4132 598 4194 magna
620 4106 687 4198 ejus
708 4121 790 4172 esset
808 4105 913 4188 fama,
945 4106 984 4174 ad
1013 4107 1222 4172 venationem
1245 4101 1317 4191 apri

124 4205 299 4274 caledonii
319 4209 494 4275 advocatus
521 4225 586 4292 est,
617 4233 713 4293 quem
742 4232 857 4298 aprum
888 4233 962 4275 cum
988 4209 1144 4274 Atalanta
1172 4204 1317 4272 Arcadia

121 4311 269 4398 primum
294 4313 515 4395 vulnerasset,
544 4312 709 4398 Meleager
735 4311 916 4396 interfecit,
951 4311 1008 4397 qui
1035 4312 1190 4399 praedam
1216 4307 1316 4389 dedit,

121 4435 223 4500 quam
241 4414 389 4499 amabat,
408 4415 601 4501 Atalantae,
633 4429 728 4501 atque
747 4416 862 4483 matris
889 4421 967 4482 s'uae
988 4414 1126 4497 fratres,
1149 4413 1237 4480 hunc
1257 4411 1320 4475 ho·

806 4756 809 4762 ·
829 4718 877 4795 Q
