2864 4890
477 174 804 244 uurfflomflosllou
816 173 946 239 scmus.
1111 168 1117 173 ’
1217 177 1311 243 'xm

110 349 370 428 praetervectus,
387 329 681 420 ubicercopesex
694 330 881 401 homiuibus
895 329 931 397 in
945 329 1057 398 simias
1074 330 1192 397 mutati
1205 347 1311 416 erant,

114 439 152 506 in
165 437 296 505 Italiam
316 436 453 526 appulit,
476 456 552 501 eum
565 430 695 523 Sibylla
712 431 854 500 Cumaea
875 433 916 511 ad
937 431 1062 500 inferos
1083 435 1257 518 deseendit,
1279 449 1314 501 et

114 541 232 607 dmude
255 537 401 631 Gajetam
421 537 533 619 venit,
555 535 613 602 ubi
633 535 821 618 Macareus,
846 559 952 602 comes
974 535 1086 604 Ulixis
1108 535 1307 623 quiiuerat,

116 642 351 709 Achaemenidi
387 640 426 706 de
454 639 662 728 Polyphemo
700 635 845 727 Cyclope
879 653 1003 714 namet.
1051 638 1310 706 Achaemenides

117 745 268 811 Macareo
294 744 380 810 inter
409 741 474 809 alia
501 756 632 824 narrat,
659 740 765 808 socios
793 739 905 808 Ulixis
933 765 952 807 a
979 738 1075 808 Circe
1093 740 1131 806 in
1158 763 1249 825 suec,
1277 756 1311 808 et

118 863 252 936 cogente
279 846 382 914 Ulixe
408 845 527 911 iterum
553 845 589 909 in
613 843 780 927 homines,
812 857 844 909 et
871 843 1006 927 Picum,
1036 843 1091 929 qui
1122 841 1190 932 ejus
1217 866 1311 910 amo·

116 973 188 1015 rem
207 963 394 1037 spreverat,
430 946 466 1012 in
494 945 604 1034 picum
634 970 747 1029 avem,
784 945 889 1012 socios
924 945 993 1036 ejus
1024 946 1061 1011 in
1080 946 1189 1014 varias
1222 947 1312 1013 feras

117 1074 186 1118 ease
205 1051 473 1131 transformatum
505 1046 682 1114 Canentem
704 1049 906 1138 nympham,
942 1048 1016 1116 Pici
1044 1047 1216 1138 conjugem
1233 1071 1313 1137 prae

118 1153 231 1219 dolore
255 1152 293 1217 in
327 1175 422 1219 auras
453 1150 634 1217 evanuisse.
686 1149 798 1242 Gajeta
824 1151 955 1216 Aeneas
983 1150 1137 1219 venitin
1164 1150 1310 1235 Latium,

116 1254 175 1322 ubi
195 1255 321 1321 bellum
343 1279 417 1320 cum
442 1255 562 1321 Turno
585 1276 662 1341 rege
683 1253 834 1343 suscepit.
882 1252 1019 1318 Turnus
1045 1276 1121 1318 cum
1141 1251 1311 1320 Venulum

117 1356 274 1440 misisset,
293 1372 329 1423 ut
350 1371 472 1445 peteret
495 1355 660 1422 auxilium
679 1379 698 1421 a
720 1354 893 1438 Diomede,
914 1356 1077 1444 repulsam
1098 1355 1191 1438 tulit,
1212 1355 1329 1428 sociis¹

119 1458 189 1551 ejus
214 1485 319 1549 nuper
345 1460 382 1526 iu
410 1482 487 1525 aves
513 1457 654 1524 mutatis.
700 1455 849 1523 Venulus
877 1482 936 1547 per
964 1481 1001 1524 ea
1026 1459 1098 1524 loca
1125 1457 1237 1542 rediit,
1272 1459 1310 1526 in

68 1571 72 1578 '
119 1563 236 1648 quibus
258 1563 409 1651 Appulus
439 1575 549 1648 pastor
570 1560 734 1646 quondam
761 1559 798 1626 iu
826 1562 1003 1628 oleastrum
1030 1585 1207 1629 conversus
1229 1575 1309 1628 erat.

118 1662 194 1732 Iam
223 1666 344 1731 bellum
379 1663 460 1747 fuit,
496 1664 533 1730 iu
569 1686 632 1749 quo
658 1664 790 1729 Aeneae
819 1687 919 1730 naves
955 1687 974 1728 a
1008 1665 1127 1731 Turno
1160 1664 1312 1731 incensae

121 1768 285 1857 nymphae
313 1769 414 1850 fiunt,
443 1766 527 1833 sicut
548 1790 592 1830 ex
612 1766 743 1831 Ardeae
763 1765 854 1832 urbis
876 1766 1027 1833 incendio
1049 1768 1172 1833 deletae
1191 1766 1312 1833 cineri-

118 1871 180 1935 bus
201 1871 299 1935 ardea
322 1868 404 1958 avis.
455 1868 549 1936 Bello
572 1869 748 1956 composito
777 1893 927 1955 novoque
956 1894 1059 1957 regno
1080 1869 1213 1936 condito
1240 1870 1312 1935 Ae·

120 1995 198 2038 neas
218 1971 333 2037 transit
354 1972 389 2037 in
411 1973 519 2039 deum.
568 1970 656 2037 Huic
686 1987 908 2038 successerunt
937 1996 1030 2060 reges
1052 1972 1109 2038 alii
1128 1973 1313 2060 complures

120 2073 157 2140 iu
175 2074 291 2160 quibus
313 2073 440 2140 Phocus
447 2120 458 2156 ,
481 2087 545 2159 quo
566 2098 643 2154 rege
664 2075 776 2139 floruit
796 2074 946 2139 Pomona
953 2099 963 2140 r
1000 2098 1097 2159 quam
1127 2096 1202 2140 cum
1222 2071 1310 2138 Ver·

120 2192 254 2241 tumnus
282 2189 425 2257 amaret,
457 2175 601 2262 primum
629 2175 744 2238 sumsit
778 2197 859 2239 anus
891 2176 1034 2239 formam
1064 2192 1249 2260 amataeque
1275 2189 1314 2241 ut

119 2301 196 2344 eam
229 2288 450 2341 commoveret
483 2273 688 2339 Anaxaretes
721 2290 855 2362 propter
883 2290 1080 2341 contemtum
1112 2299 1257 2342 amorem
1277 2276 1313 2344 in

116 2401 244 2446 saxum
259 2397 435 2442 conversae
447 2377 635 2463 exemplum
655 2376 814 2458 narravit,
838 2376 953 2442 deinde
973 2402 1085 2443 rursus
1104 2378 1140 2444 in
1162 2378 1313 2466 pulcrum

121 2479 281 2571 juvenem
302 2501 477 2543 conversus
500 2495 578 2544 voto
601 2479 719 2567 potitus
741 2493 799 2545 est.
835 2477 916 2545 Inde
936 2483 997 2547 suh
1018 2479 1192 2548 Numitore
1211 2504 1314 2566 aquae

122 2581 263 2669 frigidae
294 2581 475 2645 redduntur
502 2582 637 2649 calidae.
694 2581 825 2648 Deinde
861 2607 923 2648 rex
951 2583 1015 2650 fuit
1041 2583 1221 2667 Romulus,
1258 2582 1315 2670 qui

121 2683 225 2749 Roma
261 2682 391 2748 condita
419 2706 583 2770 regnoque
612 2684 786 2750 constituto
815 2685 920 2751 factus
947 2703 995 2752 est
1032 2686 1110 2751 deus
1140 2684 1312 2773 Quirinus,

123 2785 255 2876 ejusque
276 2809 365 2850 uxor
387 2784 464 2869 dea,
488 2802 619 2876 accepto
640 2787 773 2853 nomine
793 2783 899 2856 Hora.

211 2983 286 3053 Lib.
309 2986 390 3054 XV.
434 2984 570 3055 Secutus
593 3004 640 3055 est
660 2987 792 3073 Numa,
817 2989 873 3076 qui
899 2989 1075 3078 sapientiae
1102 2989 1209 3054 studio
1232 2987 1314 3055 Gro-

123 3107 202 3157 tuna
223 3091 386 3178 profectus
410 3087 507 3180 hujus
535 3091 626 3156 urbis
649 3091 810 3179 originem
832 3114 990 3178 quaerens
1010 3091 1097 3154 inter
1117 3091 1181 3155 alia
1202 3091 1316 3178 nigros
1363 3083 1371 3089 ⁵

57 3251 60 3255 .
125 3193 267 3258 calculos
304 3192 466 3278 quondam
500 3193 537 3258 in
573 3194 664 3259 albos
699 3193 800 3259 fuisse
834 3207 1047 3259 commutatos
1075 3193 1249 3280 comperit,
1285 3208 1317 3260 et

126 3294 243 3360 deinde
262 3294 487 3385 Pythagoram
515 3296 555 3359 de
583 3295 731 3359 omnium
753 3319 864 3360 rerum
890 3295 1121 3362 mutationibus
1148 3294 1315 3382 disputau-

126 3412 194 3462 tem
220 3397 363 3463 audivit:
394 3398 434 3462 de
455 3396 744 3486 metempsychosi,
774 3397 811 3462 in
833 3420 894 3482 qua
917 3399 1108 3486 exponenda
1133 3421 1168 3464 se
1190 3390 1326 3488 tempo}

129 3497 219 3564 ribus
245 3499 326 3565 belli
354 3497 495 3590 Trojani
528 3499 628 3565 fuisse
659 3497 877 3589 Euphorbum
911 3515 1039 3584 narrat,
1074 3501 1114 3566 de
1140 3501 1318 3566 mutatione

131 3613 330 3689 temporum,
353 3626 464 3667 rerum
485 3602 689 3685 coelestium,
713 3603 812 3685 anni,
836 3603 947 3669 aetatis
968 3603 1149 3685 humanae,
1173 3601 1318 3666 elemen-

129 3716 255 3780 torum,
288 3719 411 3787 terrae,
446 3705 627 3789 montium,
664 3705 861 3788 fluviorum,
899 3705 1031 3770 urbium
1067 3729 1105 3770 ac
1132 3702 1319 3790 regionum,

128 3827 298 3889 aquarum.
348 3806 458 3873 Numa
485 3807 600 3873 deiude
629 3808 753 3874 Romae
779 3832 843 3874 rex
865 3809 970 3872 factus
1000 3806 1164 3872 civitatem
1184 3806 1319 3894 religio-

127 3905 225 3972 nibus
248 3931 285 3972 ac
307 3908 433 3995 legibus
457 3910 611 3978 firmavit.
665 3911 845 3976 Mortuum
859 3907 980 3994 Egeria
1008 3931 1113 3990 uxor,
1143 3933 1203 3974 nec
1232 3908 1319 3997 Hip-

126 4009 251 4098 polyti,
288 4011 344 4095 qui
371 4035 429 4077 sua
456 4011 518 4099 ipsi
553 4013 736 4078 tristissima
764 4013 832 4075 fata
867 3998 961 4095 atque
985 4009 1021 4075 in
1047 4010 1144 4076 deum
1165 4008 1320 4077 Virbium

131 4111 380 4178 conversionem
416 4115 589 4190 narrabat,
625 4111 845 4179 consolatione
870 4113 968 4180 lenita
998 4114 1034 4179 in
1062 4114 1186 4179 fontem
1216 4114 1321 4199 lique·

127 4213 207 4279 scit:
237 4238 318 4300 quae
338 4205 475 4282 resnou
496 4215 604 4280 minus
634 4215 698 4279 fuit
723 4215 891 4300 miranda,
920 4241 1017 4302 quam
1045 4217 1131 4301 quod
1161 4214 1271 4301 Tages
1303 4239 1322 4281 e

127 4316 226 4402 gleba
248 4334 355 4402 ortus,
378 4317 511 4384 Romuli
535 4320 647 4384 lancea
677 4319 796 4401 arbor,
816 4335 858 4384 et
888 4316 1010 4408 (lippus
1038 4331 1193 4383 cornutus
1215 4318 1321 4382 lactus

128 4434 188 4488 est.
236 4419 363 4488 Deinde
384 4420 473 4488 Urbs
494 4420 687 4510 gravissima
704 4420 889 4510 pestilentia
909 4421 1032 4488 afflicta
1060 4435 1127 4502 est,
1155 4419 1322 4498 consulto·
