2864 4890
632 161 735 216 cnnn
752 161 789 216 x.
909 165 911 168 ·
1229 141 1307 224 aaa

199 316 372 382 Laetitiam
389 316 504 402 virgo,
524 317 742 404 praesagaque
762 331 891 405 pectora
913 335 1075 398 maerent3
1117 314 1121 320 ¹

200 399 266 467 Sed
292 416 401 466 tamen
422 416 453 465 et
474 402 610 487 gaudet:
634 418 720 468 tanta
744 416 791 467 est
812 402 972 466 discordia
993 403 1122 467 mentis.
1240 406 1300 467 445

200 487 346 572 Tempus
368 499 454 566 erat,
476 510 540 571 quo
560 503 674 552 cuncta
697 487 804 568 silent,
827 486 974 571 interque
996 486 1139 553 Triones

200 571 356 636 Flexerat
378 570 508 655 obliquo
528 572 710 658 plaustrum
728 588 855 637 temone
876 570 1014 637 Bootes:

201 657 254 721 Ad
277 655 403 719 lacinus
423 656 515 721 venit
536 657 592 721 illa
614 681 721 721 suum.
765 656 864 742 Fugit
884 680 982 720 aurea
1006 657 1095 721 coelo

200 740 313 821 Luna3
336 755 448 826 tegunt
470 740 583 826 nigrae
603 740 760 806 latitantia
783 741 887 806 sidera
909 743 1011 806 nubes
1019 766 1029 822 3

199 825 279 890 Nox
301 840 388 890 caret
408 824 483 911 igne
504 849 583 907 suo,
605 826 729 913 primus
750 827 847 912 tegis,
871 825 978 908 lcare,
1002 827 1126 905 vultus,
1239 829 1302 887 450

200 908 405 995 Erigoneque
427 908 482 995 pio
504 929 627 975 sacrata
646 910 788 999 parentis
811 935 933 975 amore.

199 995 270 1059 Ter
291 995 380 1080 pedis
403 994 518 1059 ollensi
540 995 633 1076 signo
657 1011 703 1062 est
724 992 895 1075 revocata,
918 1009 968 1059 ter
991 1016 1088 1058 omen

197 1078 365 1145 Funereus
387 1080 474 1144 bubo
496 1080 583 1144 letali
605 1081 748 1146 carmine
769 1081 857 1145 feeit.

200 1162 230 1229 lt
250 1179 376 1245 tamen,
397 1177 428 1228 et
449 1166 600 1229 tenebrae
622 1165 774 1232 minuunt
796 1188 928 1249 noxque
950 1179 1019 1228 atra
1042 1162 1212 1249 pudorem,

199 1248 408 1334 Nutricisque
430 1273 563 1313 manum
585 1253 678 1315 laeva
700 1266 803 1332 tenet,
827 1251 925 1315 altera
947 1263 1038 1312 motu
1241 1252 1301 1310 455

202 1333 343 1398 Caecum
364 1333 426 1398 iter
447 1335 609 1421 explorat.
654 1336 808 1401 Thalami
830 1337 896 1425 jam
917 1332 1030 1398 limina
1053 1331 1168 1419 tangit,

199 1417 335 1502 Jamque
356 1419 443 1483 fores
466 1419 584 1507 aperit,
606 1417 673 1508 jam
696 1420 824 1486 ducitur
845 1420 950 1497 intus3
974 1416 1078 1482 atilli

200 1503 329 1591 Poplite
351 1505 503 1568 succiduo
525 1529 629 1586 genua
651 1505 864 1585 intremuere,
888 1504 1035 1588 fugitque

199 1587 241 1653 Et
264 1589 353 1652 color
376 1604 407 1653 et
428 1590 558 1674 sanguis
580 1591 770 1676 animusque
793 1589 946 1689 relinquit
968 1603 1109 1653 euntem.

202 1673 340 1758 Quoque
361 1697 421 1738 suo
440 1674 575 1762 propior
594 1675 708 1741 sceleri
728 1692 785 1758 est,
809 1699 911 1761 magis
932 1675 1053 1755 horret,
1076 1687 1108 1737 et
1128 1672 1198 1737 ansi
1240 1678 1302 1736 460

113 1818 196 1862 autem
200 1811 340 1877 pectorede
348 1811 501 1863 sedesensus
508 1819 533 1863 et
540 1811 683 1864 affectuum.
763 1813 823 1867 452.
844 1810 959 1880 offensio
969 1810 1045 1877 pedis
1058 1810 1082 1859 in
1095 1809 1179 1859 limine
1187 1848 1204 1876 ,,
1213 1811 1235 1860 si
1248 1811 1302 1875 quis

115 1880 238 1946 Repetitio
258 1895 317 1929 vero
335 1880 403 1931 illins
418 1881 487 1932 vocis
501 1889 595 1948 pectus
613 1884 637 1933 in
657 1899 683 1933 v.
728 1886 758 1935 ad
767 1883 918 1950 propositum
931 1880 1030 1944 aliquod
1044 1880 1134 1941 exiret,
1148 1880 1254 1929 maxime
1268 1880 1303 1930 si-

114 1950 228 2016 seqnenti
242 1966 289 1999 non
303 1950 400 2013 quidem
413 1951 530 2015 elegans,
545 1953 589 2001 sed
602 1959 685 2003 tamen
727 1954 831 2004 nistrnnr
845 1954 951 2019 signum
964 1950 1017 1998 sive
1030 1964 1100 1998 omen
1115 1949 1180 2014 apud
1191 1955 1300 2000 veteres.

113 2021 177 2086 apud
191 2019 314 2070 Nasonem
328 2035 375 2067 non
388 2021 530 2082 66666646.
729 2023 790 2073 Η66.
805 2021 875 2083 Xlll,
890 2019 934 2070 87.

148 2090 208 2140 445.
229 2095 308 2141 tantu
320 2095 358 2140 est
371 2089 434 2139 dise.
447 2090 549 2140 urentis.
565 2087 609 2153 tx,
625 2088 684 2139 639.
800 2091 865 2141 Cum
872 2089 980 2154 foribus
986 2086 1062 2136 velles
1069 2087 1105 2136 ad
1114 2085 1303 2148 Trojamexire

149 2158 208 2209 446.
230 2157 347 2208 Triones.
368 2157 388 2219 l,
404 2157 446 2206 64.
467 2157 574 2217 11,528.
591 2156 650 2207 171.
935 2156 1066 2223 paternis,

149 2227 209 2294 447.
230 2227 334 2276 Bootes.
360 2223 467 2286 11,147.
489 2225 541 2274 Η66
555 2226 623 2276 sidus
636 2240 688 2275 rne-
837 2227 885 2277 Pes
909 2233 971 2277 tuus
996 2228 1095 2291 offenso
1119 2222 1206 2276 limine
1223 2225 1304 2295 signu

111 2297 155 2346 dia
172 2302 245 2345 noete
265 2309 384 2344 sarnanum
403 2295 499 2344 coelum
516 2296 599 2357 attigit
615 2301 688 2359 atque
938 2296 1019 2346 dedit.
1291 2323 1296 2345 ·.

110 2365 171 2416 inde
186 2378 290 2426 vergere
304 2364 403 2429 incipit,
422 2364 511 2431 flectit
519 2365 686 2432 plaustrum,
729 2367 772 2418 ubi
784 2367 835 2416 vid.
851 2372 904 2415 not.
925 2364 985 2415 vit.
999 2364 1074 2414 ctiam
1087 2363 1192 2430 interpp.
1203 2365 1234 2415 ad
1243 2365 1302 2416 Tib.

111 2434 179 2500 quod
209 2441 267 2483 tunc
298 2434 422 2498 obliquant
453 2440 576 2485 temonem
600 2434 686 2484 habet.
730 2435 869 2499 1,3,19.

112 2504 206 2555 Gior.
232 2502 291 2552 Vid.
306 2503 375 2570 lleyn
400 2502 508 2553 Exeurs.
523 2504 554 2555 ll.
570 2505 601 2554 ad
615 2504 685 2566 Virg.
765 2506 826 2557 453.
839 2511 969 2568 junereus
982 2503 1059 2553 bubo.
1073 2501 1131 2552 Vid.
1146 2504 1178 2554 ad
1186 2503 1230 2568 Vl,
1240 2505 1301 2557 431.

112 2577 177 2624 Aen.
193 2573 225 2622 ll.
245 2571 342 2622 Lucan.
357 2572 395 2632 11,
416 2573 477 2626 237.
731 2576 762 2638 V,
777 2575 837 2626 543.
852 2572 1021 2636 11111611.-
1035 2589 1138 2626 carmen
1150 2575 1237 2644 letale,
1250 2593 1303 2627 na-

185 2641 327 2693 Parrhasis
340 2643 455 2713 obliquos
467 2643 555 2693 Helice
564 2659 688 2693 6666666-
729 2646 780 2696 lum
793 2645 885 2694 exitntn
899 2642 1069 2709 praesagiens.

321 2719 386 2763 teret
398 2729 472 2762 axes.
764 2715 826 2765 454.
846 2712 920 2764 Conl.
934 2711 1009 2774 Vlll,
1026 2711 1070 2763 82.

114 2781 183 2832 16166
196 2780 241 2842 ΧΙ,
256 2779 316 2834 257.
331 2782 457 2833 inclinato
470 2789 579 2833 temone.
595 2781 687 2831 Contra
765 2785 827 2834 455.
847 2793 931 2846 motu,
952 2780 1090 2847 palpando,
1112 2787 1302 2848 praetentando,

112 2851 169 2914 equi
184 2857 287 2913 surgunt
299 2853 483 2904 elototetnone.
499 2851 587 2900 Claud.
597 2851 686 2918 Olybr.
730 2853 800 2920 XlV,
815 2853 873 2904 189.
894 2851 952 2903 Tib.
968 2850 998 2912 ll,
1016 2851 1038 2914 l,
1053 2851 1095 2901 76.
1109 2868 1179 2917 seqq.

112 2919 188 2970 Coos.
203 2921 229 2968 4.
506 2933 513 2946 ·
834 2922 1008 2986 Actaeonem
1020 2921 1131 2972 tenebris
1143 2924 1201 2974 sole
1210 2924 1304 2990 puello

148 2989 209 3038 448.
224 2990 545 3056 sngitoureu-Luuu.
572 2989 685 3039 Conbv.
938 2989 1018 3052 venit,

115 3058 176 3108 696.
191 3065 217 3107 61
229 3058 271 3119 111,
287 3059 346 3109 488.
362 3058 431 3121 Virg.
442 3058 534 3122 Georg.
549 3059 569 3122 1,
585 3060 688 3108 441-
799 3060 836 3111 Et
843 3061 1116 3126 pedibuspraetentct
1127 3060 1184 3125 iter,
1196 3076 1305 3128 suspen·

114 3144 198 3178 aurea
211 3128 297 3192 Luna,
311 3136 338 3176 ut
352 3145 435 3179 aureo
449 3129 557 3179 Phoebe.
580 3127 610 3189 ll,
627 3128 687 3182 723.
938 3127 1081 3188 aetimare,

152 3197 213 3248 459.
229 3199 345 3263 primus.
376 3198 484 3259 1166661,
512 3198 586 3247 Goth.
604 3196 628 3245 l.
642 3199 687 3259 2.,
835 3195 970 3264 Explorot
980 3213 1072 3248 coecus
1084 3197 1129 3248 cui
1139 3215 1233 3251 munus
1242 3207 1305 3252 onte

114 3267 207 3328 111166,
229 3267 286 3316 Par.
303 3268 327 3316 1.
341 3267 377 3331 2.,
392 3267 474 3329 Vaut,
490 3267 584 3316 Zwicc.
598 3273 624 3315 et
636 3281 688 3315 me·
939 3266 1007 3317 vias.

113 3339 191 3389 liores
218 3337 303 3385 Heins.
335 3352 424 3399 magno
450 3351 550 3386 nurnero
578 3336 686 3402 primos.
729 3331 801 3397 Virg.
816 3332 881 3383 Mor.
897 3350 920 3382 v.
936 3336 962 3385 6.

114 3406 214 3471 Reliqui
228 3408 346 3473 prtinus,
374 3422 398 3471 q.
419 3422 443 3455 e.
465 3407 570 3455 omniunt
583 3405 686 3470 prinus.
802 3402 972 3474 Sollicitoque
999 3421 1082 3462 manu
1113 3409 1233 3464 tenebras
1257 3427 1304 3460 ex-

116 3475 217 3528 Primoa
242 3476 382 3538 ambignum
406 3482 454 3525 est.
492 3475 594 3526 Primus
613 3475 687 3524 etiarn
934 3476 1035 3544 plorat.

115 3546 198 3612 aptius
223 3552 262 3594 est
285 3545 506 3611 praecedentibus:
533 3544 597 3600 Nou
616 3552 688 3596 earet
766 3542 826 3593 456.
849 3562 954 3596 coccum
970 3546 1036 3607 iter,
1063 3546 1128 3595 viam
1142 3547 1166 3595 in
1181 3546 1303 3596 tenebris.

115 3616 180 3683 igne
191 3631 255 3675 suo,
271 3630 295 3679 q.
310 3631 333 3664 e.
349 3615 481 3665 6161116-
494 3615 626 3682 ignesco,
640 3614 687 3679 ipsi
731 3613 804 3664 Conl.
820 3613 875 3675 Vll,
890 3615 950 3666 409.
965 3614 1034 3677 Vlll,
1054 3614 1114 3664 158.

114 3685 215 3752 proprio
229 3691 254 3733 61
266 3685 367 3734 usitato.
400 3685 532 3735 Commode
546 3685 620 3734 etiam
634 3685 688 3734 lca·
765 3683 826 3735 457.
845 3685 966 3749 intuspro
979 3686 1058 3747 intro,
1072 3683 1176 3732 utFast.
1188 3682 1232 3741 Vl,
1243 3681 1303 3733 586.

115 3770 169 3805 rau
189 3769 248 3819 prae
268 3755 361 3819 pudore
374 3769 401 3803 se
412 3754 603 3805 abscondentem
617 3754 689 3805 indu·
802 3753 859 3805 Nos
873 3760 960 3805 tumen
973 3754 1102 3807 adductos
1114 3751 1304 3817 intusogemus

115 3824 167 3886 cit,
192 3823 264 3887 cnjus
283 3824 335 3879 lilia
347 3823 463 3890 Erigone
479 3825 589 3889 piissima
607 3824 632 3872 in
645 3838 689 3888 pa·
940 3838 1030 3888 equos.

114 3900 179 3943 trent
194 3892 285 3942 fuerat.
300 3893 392 3943 locrus
398 3894 461 3943 enirn
471 3910 492 3943 s.
502 3894 604 3944 locrius
612 3893 689 3943 11116-
766 3891 827 3941 458.
847 3892 974 3942 suceiduo
983 3888 1096 3956 poplite,
1111 3887 1196 3949 debili,
1210 3890 1306 3941 vaccil-

115 3963 210 4013 niensis
224 3970 325 4028 accepto
339 3964 458 4012 aBaccbo
471 3963 528 4014 vino
541 3962 691 4016 abinebrin·
732 3961 815 4020 laute,
834 3959 953 4019 labante,
975 3960 1090 4020 desecto,
1110 3963 1138 4006 ut
1149 3957 1211 4009 Xlll
1219 3996 1226 4021 ,
1240 3960 1302 4012 477.

116 4033 166 4094 tis,
192 4047 254 4098 quos
273 4033 439 4095 invitaverat,
464 4032 553 4081 vicinis
564 4031 690 4083 66616666
733 4029 806 4078 Conl.
822 4027 1024 4088 8667411121.
1049 4025 1292 4099 ANasoneutvide

114 4102 178 4153 Jove
203 4102 269 4151 inter
292 4102 376 4151 sidero
400 4102 494 4151 relatus
513 4116 542 4149 ac
556 4099 647 4149 Bootes
667 4115 689 4148 s.
732 4105 774 4147 tur
787 4104 902 4147 novatum
915 4098 1183 4150 verbumsucoiduuc.

115 4172 238 4222 Arcturus
262 4170 342 4220 dictus
358 4177 407 4220 est.
440 4170 494 4234 Qtto
513 4170 621 4232 Erigone
639 4169 691 4217 lilia
768 4166 828 4217 459.
849 4167 982 4234 relinquit.
1025 4169 1128 4228 Berol.,
1153 4168 1233 4220 Goth.
1260 4170 1303 4233 2.,

117 4240 202 4291 andito
216 4255 243 4290 se
257 4240 394 4306 suspendit,
409 4243 453 4290 sed
466 4240 582 4289 misertus
594 4237 691 4303 Jupiter
733 4235 812 4287 llben.
827 4245 853 4287 et
865 4237 982 4289 meliores
996 4238 1081 4289 116166,
1095 4238 1234 4305 relinquit.
1255 4236 1306 4288 llo-

114 4316 142 4360 et
154 4309 231 4376 ipsam
245 4309 313 4360 sidus
328 4309 388 4359 16611
401 4310 497 4359 nornine
512 4309 600 4376 Virgo.
614 4307 691 4373 Apol·
732 4307 792 4371 liqui
811 4308 925 4375 reliquit.
957 4307 1018 4358 Cum
1033 4308 1113 4375 fugit
1130 4308 1304 4374 praecesserit,

114 4379 167 4430 lod.
188 4377 233 4429 lii.
261 4394 284 4428 c.
306 4379 347 4429 14.
369 4379 433 4447 Hyg.
453 4379 482 4431 F.
505 4378 563 4437 130.
584 4379 645 4430 254.
667 4383 693 4428 61
732 4377 824 4427 rectius
837 4378 950 4442 seqnitur
960 4378 1094 4445 relinquit.

115 4449 188 4500 Post.
202 4449 305 4499 Astron.
320 4447 353 4499 ll.
367 4464 391 4499 c.
403 4449 428 4499 4.
443 4448 500 4499 Tib.
511 4447 554 4509 111,
565 4448 689 4514 196666.
767 4447 828 4498 tto.
843 4464 894 4516 quo
902 4448 1031 4515 proprior
1043 4475 1092 4512 -,
1105 4445 1204 4513 magis.
1230 4444 1304 4496 Conl.

150 4519 213 4571 451.
223 4516 575 4582 6666616161666616661616.
591 4517 637 4582 tx,
645 4517 689 4568 88.
733 4514 777 4580 111,
792 4515 852 4573 ata.
867 4516 910 4585 111,
923 4517 966 4568 64.
981 4543 1015 4554 --
1028 4513 1144 4567 Heinsius
1156 4514 1232 4564 166116
1245 4512 1307 4563 oui-
