2864 4890
606 177 708 230 trouu
726 177 798 232 xut
1226 178 1306 241 m

235 327 312 392 Non
334 344 441 391 tamen
462 327 755 417 eversam‘Trojae
776 353 851 395 cum
874 331 1043 396 moenibus
1066 336 1135 397 esee

196 409 295 498 Spem
311 434 439 496 qnoque
453 413 520 476 sata
535 411 664 478 sinunt:
686 437 777 479 sacra
794 429 824 479 et
839 439 930 479 sacra
947 417 1068 496 altera,
1086 434 1223 505 patrem,

196 495 274 560 Fert
296 495 438 560 humeris
459 496 646 561 venerabile
670 521 751 563 onus
776 497 970 586 Cythereius
991 501 1098 566 beros.
1241 517 1301 571 625

196 580 250 645 De
273 583 369 644 tantis
392 581 507 667 opibus
529 583 681 667 praedam
703 583 776 669 pius
800 583 891 668 eligit
910 584 1001 648 illam
1338 586 1343 602 '

196 665 437 750 Ascaniumque
459 690 573 744 sunm,
600 668 802 752 profugaque
824 693 883 755 per
904 691 1042 752 aequora
1066 669 1166 734 classe

195 749 314 813 Fertur
336 751 376 813 ab
399 751 591 829 Antandro,
614 752 830 837 scelerataque
848 754 962 817 limina
987 753 1157 819 Thracum

196 832 239 898 Et
261 833 447 932 Polydoreo
471 851 655 898 manantem
676 838 834 919 sanguine
854 852 974 902 terram

197 919 351 1002 Linquit,
375 934 405 983 et
426 919 559 983 utilibus
579 921 685 984 ventis
706 938 858 1007 aestuque
879 921 1020 986 secundo
1240 933 1302 989 660

195 1001 298 1068 latrat
320 1005 528 1089 Apollineam
550 1004 644 1068 sociis
667 1006 895 1071 comitantibus
917 1007 1044 1069 urbem.

196 1086 295 1152 llunc
316 1087 440 1168 Anius,
465 1111 529 1173 quo
548 1113 623 1169 rege
646 1090 816 1170 homines,
839 1090 979 1156 antistite
1000 1089 1153 1156 Pbeebus

196 1171 271 1236 Rite
293 1173 476 1253 colebatur,
501 1175 682 1259 temploque
705 1176 865 1261 domoque
888 1174 1020 1261 recepit,

197 1254 385 1341 Urbemque
408 1258 564 1337 ostendit,
589 1259 788 1343 delubraque
808 1275 883 1325 nota
906 1261 1048 1344 duaeque

195 1340 321 1405 Latona
344 1343 510 1426 quondam
531 1342 646 1430 stirpes
668 1344 814 1430 pariente
836 1360 987 1410 retentas.
1242 1356 1302 1411 635

112 1479 173 1533 dote
195 1480 327 1547 Apollinis
351 1480 464 1548 bospitio
487 1482 626 1548 excipitur.
665 1480 690 1533 le
733 1483 773 1533 Gi
779 1500 821 1534 er.
834 1512 859 1520 -
877 1483 1017 1544 scelerata,
1032 1489 1133 1548 propter
1146 1482 1242 1535 lacinus
1256 1486 1304 1537 Po-

111 1551 257 1613 einarrat,
269 1552 359 1613 filiam
371 1567 448 1602 suum
467 1552 500 1601 66
514 1552 633 1619 Apolline
646 1569 690 1602 ar·
732 1553 1098 1621 lymcstoriS‚utseqnitur.-
1121 1551 1302 1619 (1661366666,

113 1628 165 1672 tem
189 1620 356 1671 vaticinandi
380 1622 512 1687 accepisse
535 1629 560 1671 et
572 1621 651 1684 filins
671 1637 689 1671 6
732 1623 832 1682 borel,
860 1619 967 1683 116666,
995 1620 1070 1672 Gotb.
1094 1620 1176 1689 1.2.,
1203 1624 1260 1675 Ρ66.
1277 1625 1301 1676 1.

113 1689 220 1741 Baeclro
235 1692 411 1754 suauitatem,
437 1691 562 1757 quicquid
586 1691 690 1758 tetigis—
731 1693 775 1755 2.,
803 1692 900 1754 liban,
921 1691 991 1755 Lips.
1005 1693 1049 1754 2.,
1069 1689 1165 1742 Zwiee.
1182 1695 1306 1744 vetustio-

113 1767 172 1811 eent
196 1759 222 1808 in
243 1765 343 1826 fruges
371 1761 412 1810 cel
436 1762 521 1811 oleum
540 1761 691 1811 celeianae
732 1778 773 1812 res
788 1762 874 1811 Heius.
894 1768 920 1810 et
932 1761 972 1812 ed.
987 1776 1025 1826 pr.
1044 1760 1136 1811 limina
1156 1764 1220 1826 qnod
1240 1764 1306 1813 invi-

113 1829 243 1880 mutcndi.
280 1829 345 1893 1166,
359 1846 438 1897 qaum
451 1830 632 1896 Agamemnon
645 1847 690 1880 eae
733 1831 894 1893 tusretinui3
916 1829 1142 1879 narnmibiverunt
1161 1832 1306 1885 666616616-

116 1913 208 1964 cogere
220 1896 353 1960 voluisset,
373 1907 405 1950 ut
418 1899 578 1950 Graecorum
591 1899 687 1950 enerci-
729 1909 805 1962 tara,
826 1900 889 1965 quod
904 1905 972 1948 certe
986 1899 1125 1960 elegantius
1139 1900 1164 1948 b.
1178 1902 1196 1952 l.
1211 1909 1265 1963 est,
1280 1911 1306 1953 et

114 1975 171 2020 tan
195 1967 309 2033 alerent,
328 1984 346 2018 6
370 1967 478 2018 Baraba
502 1969 530 2018 in
553 1969 687 2018 columbae
729 1969 767 2018 6116
797 1976 948 2019 manantem
978 1974 1079 2018 terrum
1105 1970 1304 2024 convenientius.

113 2053 169 2087 eree
181 2052 329 2087 conuersae.
367 2036 440 2086 Seru.
461 2037 491 2085 66
510 2036 582 2098 Virg.
596 2040 627 2089 A.
643 2036 687 2098 lll,
730 2037 795 2088 Ildd.
810 2037 891 2088 Venn.
907 2053 1002 2102 quoqne
1015 2037 1104 2088 litora.
1308 2066 1315 2079 ·

114 2106 158 2157 86.
173 2105 255 2168 ibique
270 2107 350 2172 Heyn.
370 2105 443 2156 Diod.
459 2105 491 2156 V.
506 2121 530 2155 e.
540 2104 583 2158 62.
598 2106 689 2157 Tzetz.
767 2107 827 2156 636.
842 2114 969 2172 aestuque
982 2105 1094 2155 seeundo
1107 2121 1132 2169 q.
1146 2121 1170 2157 e.
1185 2108 1306 2174 undisque

115 2176 148 2225 ed
161 2173 285 2240 Lycophr.
301 2174 360 2225 576.
731 2176 857 2226 secundis.
896 2175 952 2226 Vid.
966 2174 1034 2224 66166
1045 2189 1070 2224 v.
1092 2173 1152 2228 728.
1188 2175 1260 2241 Virg.
1274 2179 1306 2229 A.

152 2242 212 2294 623.
234 2240 691 2306 ,‚Nentamensetueinant‚cana
732 2244 773 2309 X,
795 2245 855 2295 687.
1007 2286 1010 2292 .

118 2311 220 2373 Troiae
236 2313 370 2363 moenibus
388 2311 483 2362 evaeis
500 2327 572 2376 rpem
589 2327 692 2378 proque
803 2313 918 2366 Labitur
930 2312 988 2363 elta
1000 2314 1244 2381 seruarfluciuque
1260 2328 1307 2366 ae-

114 2399 233 2432 eeersam
258 2383 345 2432 esse.“
359 2408 391 2422 -
427 2397 475 2432 nec
493 2389 583 2432 tamen
602 2381 693 2443 legitur
941 2390 1034 2448 etuqae
1050 2383 1172 2432 secundo.

71 2460 77 2468 '
114 2451 140 2501 in
155 2451 256 2512 86666,
278 2453 385 2516 116666,
405 2451 475 2517 Lips.
489 2451 532 2512 2.,
556 2449 651 2502 Zwicc.
666 2457 693 2499 et
770 2449 830 2501 631.
850 2450 1145 2517 Apollineam-urbem,
1160 2451 1309 2503 666666116-

114 2520 259 2570 mclioribus
273 2521 360 2571 Heins.
379 2549 405 2557 -
444 2518 540 2584 lleliqui
559 2535 613 2569 curn
628 2526 689 2569 vett.
733 2519 768 2582 li,
788 2520 896 2585 Apollini
909 2535 1022 2581 sacram,
1043 2521 1083 2585 qui
1097 2521 1131 2571 ibi
1150 2528 1223 2572 uatus
1241 2529 1308 2574 erat.

112 2590 173 2640 edd.
187 2598 356 2655 nontamen,
376 2591 441 2656 quod
461 2589 537 2640 tutius
557 2597 612 2640 erat
630 2589 691 2639 reti-
733 2589 782 2652 Vl,
807 2589 851 2639 191
867 2605 937 2654 seqq.
959 2589 984 2653 l,
1004 2590 1064 2640 454.
1090 2590 1128 2641 116
1141 2591 1187 2641 boe
1200 2592 1309 2643 adventu

116 2675 187 2710 nere.
732 2658 873 2709 vid.Dion.
889 2659 1076 2710 11611656.
1143 2723 1144 2726 Ἴ

152 2729 212 2780 624.
233 2727 300 2779 Nota
319 2733 358 2777 est
377 2726 478 2788 166616,
497 2728 600 2778 Aenean
613 2726 692 2792 Trcja
770 2728 831 2781 632.
851 2728 923 2791 Virg.
936 2729 968 2779 A.
983 2728 1034 2790 ΙΙΙ,
1054 2729 1097 2780 80.
1237 2773 1240 2777 .

112 2797 692 2863 66666666166166666666666666666666-
804 2798 863 2849 Rea
887 2799 988 2861 Anius,
1015 2815 1062 2848 rea
1086 2798 1154 2850 idem
1177 2798 1311 2856 bominum

116 2869 153 2918 ris
166 2868 217 2919 suis
230 2884 244 2917 6
257 2867 360 2917 ssonrmis
373 2873 486 2932 portasse
505 2873 579 2930 atque
592 2882 692 2917 servas·
946 2868 1091 2935 Phoebique
1104 2870 1238 2931 66666666,

117 2952 155 2988 se.
176 2938 348 2995 1666666666,
374 2942 496 2986 et-racra
515 2939 618 2998 altera,
640 2953 692 3004 pa·
810 2935 887 2988 Viae
905 2944 931 2989 et
942 2955 1020 2988 saera
1039 2939 1175 2990 redimitas
1193 2947 1311 3007 tempera

117 3013 195 3060 16666.
232 3007 301 3057 Fast.
317 3004 364 3069 lV,
384 3004 426 3055 38.
442 3007 471 3055 de
485 3006 586 3056 Aenea:
943 3009 1032 3057 lauro.

189 3075 275 3127 Sacra
288 3082 443 3144 patrataque
459 3073 587 3140 humeris,
606 3076 692 3127 altera
733 3073 793 3126 Vid.
807 3074 842 3124 ibi
856 3075 928 3125 Serv.
943 3083 968 3125 et
981 3075 1106 3142 Lycophr.
1122 3075 1195 3125 Cass.
1208 3091 1234 3125 ν.
1248 3076 1309 3126 576.

325 3161 419 3203 encra,
434 3144 507 3195 tulit.
773 3143 833 3193 633.
861 3145 1005 3196 colebatur.
1043 3142 1102 3193 vat.
1124 3145 1150 3197 2.
1172 3151 1198 3194 et
1216 3144 1249 3195 lV
1268 3145 1312 3194 6166

117 3213 178 3264 Vid.
193 3213 273 3282 lleyn.
288 3213 396 3264 Excurs.
411 3212 457 3263 ΙΧ.
471 3213 503 3261 66
521 3210 593 3274 Virg.
613 3213 646 3263 A.
659 3211 692 3276 ll,
736 3212 824 3262 lloins.
840 3214 1005 3278 colebantur,
1026 3213 1091 3278 quod
1104 3212 1159 3262 sine
1168 3213 1240 3277 justa
1252 3229 1313 3266 cau-

118 3284 181 3340 293.
220 3284 333 3334 lleetoris
347 3281 434 3331 umbra
448 3281 479 3331 66
490 3282 609 3332 Aenean:
737 3296 766 3332 sa
784 3281 882 3331 induxit
901 3283 1027 3333 Heinsius.
1041 3335 1044 3340 ,
1066 3280 1141 3332 cont.
1164 3283 1189 3346 Ι,
1214 3283 1273 3339 142.
1287 3290 1314 3334 et

200 3353 286 3404 Sacra
309 3369 423 3419 suosque
452 3351 504 3402 tibi
532 3350 694 3402 commendat
737 3348 849 3412 661111,
868 3352 930 3405 224.
948 3380 975 3389 -
996 3352 1078 3403 colere
1095 3360 1177 3402 autern
1198 3353 1251 3404 fere
1269 3370 1313 3420 pro

330 3421 415 3480 Troia
436 3420 557 3485 Penates,
739 3421 888 3481 consulere,
909 3436 1008 3471 666666.
1042 3420 1101 3472 Vid.
1115 3421 1174 3473 Vlll
1183 3459 1190 3484 ,
1206 3422 1266 3475 724.
1280 3449 1314 3462 ·-

203 3490 260 3541 1166
279 3508 345 3557 cape
359 3495 485 3554 ‚fatorum
508 3488 630 3552 comites,
654 3488 696 3540 1666
737 3491 795 3554 rite,
810 3506 824 3540 e
837 3490 1072 3553 legitimatus.-
1086 3493 1315 3560 templodomoque

329 3562 548 3627 moeniaquaere‚
737 3561 843 3628 recepit.
881 3560 955 3610 Coni.
975 3559 1052 3623 XlV,
1073 3560 1133 3611 668.
1161 3563 1256 3629 temple
1274 3578 1315 3611 re-

202 3628 312 3697 Magna
333 3638 471 3697 pererrato
503 3636 604 3681 statues
628 3643 697 3694 quae
738 3631 935 3697 cepitestduait
948 3647 992 3680 nos
1005 3631 1029 3680 66
1043 3632 1170 3695 templum,
1185 3637 1212 3679 ut
1223 3630 1258 3679 ibi
1271 3630 1315 3679 ad·

330 3701 540 3767 deniqaeponto.
739 3715 877 3751 oraremus.
914 3699 985 3761 Virg.
1001 3699 1025 3748 6.
1041 3698 1058 3748 Ι.
1073 3699 1103 3747 66
1117 3699 1204 3748 eadem
1217 3714 1261 3748 re:

157 3765 218 3818 626.
234 3767 387 3834 Cythereius
395 3767 532 3838 ,pVeneris
548 3766 597 3829 lV,
613 3765 675 3820 288.
810 3769 922 3835 Templa
940 3769 983 3819 dei
999 3783 1065 3816 66666
1083 3767 1228 3817 venerabar
1245 3774 1317 3820 etru-

158 3834 218 3886 626.
234 3839 299 3904 pius
312 3854 372 3903 ergo
385 3839 498 3902 ledeos,
519 3839 544 3888 iu
563 3843 658 3903 patrem
672 3840 698 3885 et
949 3845 993 3886 cta
1006 3843 1117 3886 vetusto.

121 3903 248 3956 66616666.
777 3905 837 3956 634.
856 3913 931 3956 nota.
960 3905 1106 3965 866661,
1121 3903 1224 3969 116666,
1240 3904 1316 3959 Goth.

159 3973 218 4025 627.
246 3977 379 4028 Ascanius
403 3976 457 4027 sive
482 3974 566 4038 iulus,
597 3974 697 4024 Aeneae
744 3973 779 4036 l.,
800 3973 872 4024 Vrat.
887 3973 959 4024 eth
973 3974 1144 4026 Heinsoota.
1165 3974 1315 4043 Perpemmz

120 4043 199 4094 filius.
741 4052 806 4095 neta
819 4051 857 4093 cst
870 4044 979 4110 inclyta,
999 4044 1078 4096 61666.

114 4125 119 4135 ·
159 4112 219 4166 628.
234 4115 399 4175 Antandros,
414 4113 473 4162 urbs
487 4109 701 4162 maritimeTrou-
778 4113 838 4163 636.
859 4149 878 4174 ,,
895 4148 919 4163 ..
934 4121 959 4165 et
972 4114 1041 4164 duae
1051 4115 1146 4182 stirpes
1159 4115 1273 4180 (arbores
1286 4115 1319 4164 il.

123 4182 161 4232 dis
176 4182 255 4248 (Virg.
271 4186 302 4234 A.
319 4183 367 4243 ΙΙΙ,
390 4185 414 4233 5.
430 4183 512 4246 ibique
535 4181 700 4246 interpp.),o
743 4182 807 4246 las),
834 4199 945 4249 pitaram
965 4193 1072 4237 truncos
1090 4185 1211 4246 Latona,
1238 4201 1318 4251 quum

123 4253 196 4316 cujus
216 4260 288 4318 portu
306 4255 406 4304 Aeneas
429 4253 536 4302 classem
555 4251 645 4310 solvit,
672 4265 701 4298 ac
743 4251 782 4303 ibi
793 4254 937 4318 Apollinem
950 4261 975 4305 et
986 4253 1104 4306 Dianam
1119 4260 1242 4322 pareret,
1261 4270 1319 4303 nta-

122 4322 227 4388 primum
248 4324 279 4373 66
298 4323 363 4372 ostia
383 4322 460 4372 Hebri
481 4320 591 4388 appulit,
619 4318 702 4384 ibique
744 4323 822 4374 nibus
841 4325 964 4392 amplexa
983 4332 1103 4376 tenuerat
1122 4324 1163 4372 vel
1181 4324 1211 4372 66
1229 4322 1318 4387 quibus

122 4391 211 4442 urbem
237 4395 333 4443 Aenum
359 4392 450 4459 posuit.
489 4391 595 4454 Cognita
620 4395 702 4438 autem
745 4392 803 4442 nixa
822 4398 910 4445 emt.“
947 4393 1070 4455 vuvt,
1090 4392 1151 4444 335.
1173 4390 1318 4456 66611111,

122 4458 304 4531 Polymestoris
321 4461 424 4528 perfidia
443 4460 702 4523 indedigressusest.
749 4461 807 4513 106.
832 4464 916 4530 ibique
939 4470 992 4512 not.
1011 4463 1088 4512 Seru.
1110 4460 1243 4518 6661666.
1260 4461 1332 4506 666,

121 4527 361 4601 6166666666.
381 4530 403 4582 Ι.
423 4537 449 4581 et
467 4530 500 4582 ll.
521 4527 704 4582 66666111.
747 4530 804 4600 lll,
827 4532 878 4591 62.
899 4531 997 4599 usne.
1017 4530 1092 4581 blec.
1114 4543 1147 4579 e.
1175 4524 1246 4573 668.
1265 4521 1357 4567 xxsxn.
