2864 4890
500 110 606 166 oviutt
624 110 931 166 uurmournosns

204 268 382 354 Postquam
404 265 612 333 exhalantem
632 265 693 332 sub
714 265 832 331 acerbo
848 265 989 331 vulnere
1007 264 1112 333 vitam

205 351 404 440 Deploravit
423 350 547 432 Athin,
570 374 650 436 quos
670 351 727 416 ille
746 351 923 416 tetenderat
944 372 1040 415 arcus

205 437 348 525 Arripit,
371 451 402 501 et
424 435 579 517 „Mecum
599 434 656 501 tibi
678 435 742 502 sint
764 435 979 516 certamina,“
1001 433 1100 518 dixit,

221 521 302 603 ,Nec
324 523 460 606 longum
479 519 573 607 pueri
593 521 662 585 sato
684 520 857 599 laetabere,
877 541 941 604 quo
962 519 1036 606 plus

205 567 353 672 invidiae
374 628 471 690 quam
488 604 594 670 laudis
615 604 753 669 babes.“
794 602 887 669 Haec
908 602 1016 669 omnia
1039 603 1187 673 noudum

204 690 360 771 Dixerat,
383 688 515 755 emicuit
536 712 638 754 nervo
659 687 856 775 penetrabile
877 689 990 768 telum,

205 773 414 859 Vitatumque
435 788 543 838 tamen
564 774 693 839 sinuosa
714 788 805 840 veste
825 772 988 861 pependit.

206 858 315 925 Vertit
335 860 369 924 in
392 858 479 923 hunc
501 858 622 946 harpen
645 872 819 945 spectatam
841 858 937 922 caede
958 856 1112 923 Medusae

205 943 447 1010 Acrisioniades
467 941 631 1029 adigitque
652 942 686 1008 in
708 958 837 1030 pectus3
858 941 980 1023 atille,

204 1027 279 1096 Jam
301 1027 455 1109 moriens,
477 1027 578 1093 oculis
597 1028 657 1092 sub
677 1044 771 1091 nocte
792 1026 976 1091 natantibus
996 1041 1066 1092 atra

207 1112 447 1200 circumspexit
466 1112 584 1192 Athin,
606 1134 704 1196 eoque
724 1110 898 1177 acclinavit
916 1111 956 1175 ad
978 1110 1086 1195 illum,

206 1196 250 1262 lit
272 1196 346 1261 tulit
367 1196 405 1261 ad
428 1219 539 1262 manes
558 1194 688 1287 junctae
707 1194 821 1261 solatia
844 1195 968 1261 mortis.

206 1280 302 1360 Ecce,
325 1277 489 1368 Syenites,
512 1281 640 1366 genitus
661 1279 814 1362 Metione,
837 1280 986 1346 Phorbas

205 1364 249 1431 Et
269 1364 373 1454 Libys
394 1364 648 1451 Amphimedon,
670 1365 759 1430 avidi
781 1365 981 1430 committere
1001 1386 1160 1453 pugnam,

207 1447 385 1534 Sanguine,
407 1471 470 1533 quo
492 1449 556 1513 late
576 1450 671 1514 telius
691 1450 870 1514 madefacta
891 1450 1030 1537 tepebat,
1111 1517 1115 1521 ,

208 1531 425 1599 Conciderant
444 1532 543 1619 lapsi:
565 1534 770 1618 surgentibus
792 1533 913 1599 obstitit
934 1533 1030 1617 ensis,

204 1617 352 1684 Alterius
374 1617 479 1697 costis,
501 1615 614 1706 jugulo
637 1617 832 1703 Phorbantis
856 1621 998 1683 adactos.

204 1703 252 1768 At
272 1725 339 1767 non
361 1700 538 1765 Actoriden
563 1700 714 1784 Erithon,
737 1703 790 1768 cui
811 1704 875 1768 lata
899 1701 1045 1790 bipennis

205 1787 329 1857 Telum
351 1800 430 1866 erat,
454 1785 582 1849 admoto
604 1784 743 1852 Perseus
765 1788 844 1875 petit
865 1811 958 1868 ense3
981 1789 1036 1853 sed
1059 1784 1132 1852 altis

205 1869 399 1935 Exstantem
419 1869 520 1954 signis
536 1871 720 1956 multaeque
738 1872 773 1936 in
796 1873 937 1959 pondere
957 1895 1082 1938 massae

206 1954 375 2036 ingentem
395 1953 545 2018 manibus
567 1954 651 2019 tollit
673 1972 797 2021 cratera
817 1958 941 2021 duabus

205 2038 389 2125 infligitque
408 2039 502 2104 viro:
525 2039 660 2104 rutilum
681 2041 786 2106 vomit
806 2041 862 2106 ille
883 2063 1044 2120 cruorem,

204 2123 248 2189 Et
266 2123 436 2211 resupinus
459 2125 595 2189 humum
616 2126 812 2190 moribundo
833 2125 955 2191 vertice
975 2127 1093 2212 pulsat.

96 2211 98 2217 ’
202 2207 283 2274 inde
302 2205 497 2274 Semiramio
521 2209 763 2310 Polydaemona
785 2210 942 2296 sanguine
961 2225 1084 2274 cretum
1264 2215 1294 2273 st

205 2291 462 2379 Caucasiumque
483 2295 611 2359 Abarin
631 2293 933 2382 Spercheiadenque
953 2294 1114 2384 Lycetum

119 2450 196 2511 Thu,
214 2445 274 2499 Vnt.
295 2446 318 2497 Ι.
339 2452 365 2496 et
383 2444 419 2495 ΙΙΙ
436 2446 522 2498 licius.
544 2477 576 2487 -
596 2448 694 2514 Reliqui
739 2447 762 2498 1.
783 2448 810 2501 2.
831 2455 856 2499 et
874 2447 931 2498 edd.
951 2447 1033 2498 Venn.
1051 2446 1181 2499 Semina
1206 2476 1242 2489 -
1264 2446 1297 2499 ii.

119 2535 175 2570 cunt
188 2524 250 2567 vett.
265 2517 322 2566 edd.
331 2517 466 2578 foedatos.
493 2517 567 2567 Conl.
583 2519 614 2579 ll,
629 2518 691 2569 480.
736 2518 836 2569 Avidus
848 2525 873 2567 et
885 2519 997 2584 cupidae
1010 2533 1064 2567 cum
1077 2517 1199 2567 infinitivo
1212 2525 1241 2568 ut
1250 2532 1300 2569 etat

154 2589 197 2642 62.
216 2587 271 2637 Sub
288 2601 388 2636 caueam
413 2586 540 2650 declarat,
561 2594 589 2636 ut
607 2603 692 2653 saepe.
736 2588 868 2651 communi,
889 2589 943 2637 loco
957 2586 1302 2653 gementiapudpoetmtte·

116 2658 208 2708 -83,
229 2656 319 2708 Athin.
335 2655 419 2705 Berol.
441 2656 569 2706 etiiresd.
592 2657 691 2708 Atisim.
736 2671 813 2720 quens
845 2657 924 2706 oratio
947 2663 995 2706 cst.
1028 2656 1102 2706 Cooi.
1128 2670 1155 2706 v.
1177 2656 1238 2707 148.
1257 2654 1300 2719 ΙΙΙ,

57 2714 70 2733 “
117 2730 188 2794 mps.
205 2727 229 2778 t.
243 2725 352 2776 eiurat.
366 2724 431 2776 Aisa
443 2740 467 2789 q.
482 2740 505 2774 e.
519 2725 617 2776 Atiam.
737 2725 797 2775 ata.
810 2725 850 2787 x,
867 2725 926 2777 121.
939 2724 998 2788 xv,
1015 2720 1303 2789 ΙΙΙ-781448..

154 2798 196 2847 65.
212 2795 299 2864 pueri.
313 2794 345 2844 V.
360 2794 403 2843 50.
463 2795 586 2862 longum,
606 2796 691 2857 longe,
735 2795 811 2845 tacite
823 2796 900 2845 edidit
913 2796 992 2848 tellus
1005 2796 1068 2846 late.

117 2874 146 2916 ut
157 2866 228 2928 virg.
242 2866 274 2916 Α.
287 2864 329 2926 Χ,
352 2863 411 2913 740.
424 2879 471 2914 nec
483 2864 594 2933 longum
606 2866 692 2914 inetu-
770 2863 812 2915 77.
832 2865 909 2929 enen,
923 2881 960 2914 sc.
975 2865 1074 2925 Persei,
1093 2869 1122 2914 ut
1140 2870 1245 2929 apparet
1255 2877 1301 2915 ev.

117 2937 185 2987 bere.
216 2964 249 2976 -
280 2933 323 2984 67.
343 2933 380 2982 De
398 2934 598 2983 constructione:
625 2933 692 2984 haec
734 2932 777 2983 80.
802 2961 838 2970 —
864 2934 906 2984 79.
931 2934 1027 2986 Eriton
1054 2933 1132 2984 Grou.
1162 2932 1188 2983 Ι.
1212 2931 1266 2983 lleli
1295 2932 1302 2946 '

116 3006 231 3056 nondum
244 3005 357 3068 diemot,
372 3002 477 3053 emicuit
488 3004 555 3054 coni.
570 3002 614 3066 Vi,
628 3003 689 3056 288.
734 3018 819 3053 omnes
838 3003 954 3056 Eritum.
980 3003 1030 3066 „ln
1049 3002 1191 3053 nominibus
1203 2948 1305 3069 propz

117 3074 150 3138 ll,
164 3075 208 3125 47.
223 3074 267 3135 ΙΙΙ,
284 3072 325 3123 14.
340 3101 372 3112 -
380 3074 544 3138 penetrabile
555 3073 646 3134 active,
663 3079 692 3122 nt
734 3073 842 3122 varietas
855 3074 942 3134 inuita,
957 3088 1029 3138 qnam
1042 3086 1182 3123 memorare
1194 3088 1244 3123 noo
1252 3072 1307 3123 aut·

116 3144 188 3208 Virg.
204 3144 235 3195 G.
251 3143 276 3203 Ι,
292 3143 335 3192 83.
349 3141 381 3191 Α.
394 3141 428 3202 X,
444 3143 504 3193 48Ι.
520 3172 550 3180 -
566 3142 610 3193 89.
627 3142 691 3194 bor·
733 3148 784 3191 net.
812 3141 849 3193 N.
865 3141 1041 3193 Heinsius.

112 3210 453 3342 peibbibnbiobibddeiib'
463 3212 542 3330 iiiito
550 3277 693 3348 Ἀκρισίων
735 3211 811 3330 tobi
823 3208 1305 3332 squvvepqqepfilbrqqqtpstpqsqdqffi

116 3367 162 3417 pro
172 3349 313 3416 Ἀκρίσιος.
328 3348 401 3397 Cous.
417 3347 464 3409 lV,
480 3350 539 3400 632.
555 3357 581 3399 et
593 3359 644 3402 not.
659 3350 691 3399 ad
734 3350 853 3414 admoto,
873 3352 937 3415 quod
950 3358 1000 3401 tam
1013 3350 1081 3400 nulla
1093 3350 1244 3400 auctoritate
1254 3364 1305 3399 nu·

117 3419 160 3482 lV,
177 3418 236 3469 888.
250 3417 445 3482 seqq.Lips.2.,
461 3417 535 3468 Goth.
545 3421 583 3481 2.,
597 3421 689 3470 Dresd.
732 3426 787 3468 tare
800 3435 848 3468 non
861 3420 930 3470 licet.
945 3449 975 3460 —
991 3420 1035 3470 81.
1053 3418 1304 3488 enatantemaa’gnh,

115 3488 297 3543 Acra'aionidee.
313 3515 342 3526 -
358 3487 396 3537 De
408 3486 485 3537 verbo
502 3490 610 3557 adigere
621 3489 689 3541 coni.
732 3490 758 3538 h.
780 3503 803 3537 e.
824 3505 945 3554 asperum
968 3489 1054 3557 cignis
1077 3489 1259 3556 enatantibue,
1274 3490 1305 3539 'ut

115 3577 140 3611 v.
157 3560 199 3611 78.
214 3566 239 3610 et
252 3558 300 3621 lV,
317 3555 377 3608 734.
732 3564 772 3607 est
784 3556 841 3617 ΧΙΙ,
856 3559 917 3610 235.
933 3558 1006 3608 Conl.
1021 3564 1073 3609 not.
1087 3559 1118 3608 ad
1133 3559 1179 3619 ΙΙΙ,
1194 3558 1239 3613 ta.

151 3631 194 3682 ΙΙ.
220 3630 270 3682 aab
296 3635 371 3678 nocte
395 3635 453 3679 not.
474 3627 570 3676 Lucan.
585 3626 623 3689 ΙΙ,
644 3628 688 3681 26.
767 3627 810 3677 83.
830 3628 939 3694 infligit.
965 3628 1082 3678 Heinsius
1100 3643 1131 3677 ex
1149 3628 1302 3681 onclimi.

114 3702 204 3752 oculos
227 3702 255 3752 in
279 3706 360 3751 morte
383 3704 517 3749 notantes.
557 3696 630 3758 Eleg.
655 3698 688 3746 ud
730 3702 825 3745 temere
839 3699 940 3746 novavit
952 3697 1072 3764 infregit.
1093 3697 1202 3761 Arood.,
1216 3696 1303 3747 Faue.

113 3770 171 3818 Liv.
185 3786 211 3819 v.
226 3772 268 3821 83.
731 3772 757 3815 ct
769 3766 809 3815 ed.
825 3782 861 3830 pr.
875 3766 1009 3834 infringit.
1024 3767 1087 3817 Cod.
1101 3765 1216 3829 Rerum„
1231 3766 1303 3819 Goth.

183 3839 299 3890 Intminu
312 3839 433 3888 caeruleo
441 3835 625 3902 jamjamque
636 3850 688 3885 no·
732 3834 767 3897 l.,
782 3834 854 3885 Vrat.
876 3843 901 3885 et
920 3836 1030 3886 nonnulli
1053 3835 1120 3885 ciot.
1137 3835 1239 3904 infigit.
1257 3832 1304 3887 ΛΗ

322 3909 409 3960 tantia
421 3914 512 3958 morte.
731 3904 797 3954 Ciol.
823 3905 956 3972 impinfft.
987 3905 1061 3955 Cool.
1088 3919 1113 3953 v.
1136 3903 1197 3955 Ι2Ι.
1235 3903 1304 3967 vus.

151 3973 194 4027 72.
214 3972 454 4026 Parentium.
487 4004 503 4011 -·
539 3975 641 4037 Dreed,
664 3973 687 4024 ΙΙ
729 3973 760 4023 Α.
787 3972 838 4035 ΙΧ,
875 3974 935 4025 848.
958 3991 1123 4041 purpuream
1150 3974 1233 4027 vomit
1263 3972 1305 4025 dit

115 4043 194 4093 Sulm.
216 4049 242 4092 et
254 4045 364 4093 nonnulli
385 4045 471 4094 Heius.
487 4051 512 4092 et
525 4045 624 4094 Cioiaoi
645 4044 687 4096 in-
730 4044 855 4095 onimam.
885 4072 911 4081 -
939 4044 983 4095 84.
999 4046 1110 4111 pultat,
1124 4044 1216 4094 tundit.
1231 4042 1304 4095 Gaul.

113 4111 230 4164 ciinooit.
247 4109 343 4174 lleliqui
356 4127 450 4172 omnes,
465 4120 493 4161 ot
505 4114 635 4164 edidimus.
732 4120 783 4162 not.
798 4114 830 4163 ad
842 4112 906 4174 Xll,
929 4113 988 4163 ΙΙ8.
1009 4123 1036 4164 et
1051 4113 1123 4175 Virg.
1136 4113 1169 4162 A.
1182 4112 1226 4173 X,
1246 4111 1304 4165 itt.

150 4178 689 4241 7388844191.οινιιι,778.-
766 4183 810 4232 86.
835 4183 991 4234 Cannutius.
1018 4183 1056 4244 ll,
1094 4183 1156 4237 224.
1203 4182 1305 4244 hereb,

115 4249 157 4300 74.
181 4250 314 4317 Syenites,
339 4264 370 4298 ex
393 4248 480 4312 oppido
506 4247 588 4314 Syene
613 4266 688 4316 prope
731 4251 827 4315 libem,
843 4259 868 4302 et
880 4253 997 4302 meliores
1010 4252 1096 4302 lleius.
1110 4252 1222 4303 Aberia.
1236 4248 1306 4318 Lepi.

112 4319 278 4385 Aethiopiam.
298 4318 362 4369 Plin.
384 4317 415 4367 ΙΙ.
436 4315 468 4366 Ν.
484 4315 516 4365 ΙΙ.
537 4331 560 4365 c.
576 4317 600 4366 7.
621 4318 686 4369 Ptol.
732 4320 756 4370 Ι.
784 4329 810 4371 et
830 4321 903 4371 Vrat.
923 4323 1017 4373 Abori.
1038 4321 1114 4384 Vulg.
1134 4320 1255 4372 Aboritae.
1274 4346 1309 4363 -·

113 4388 156 4438 lV.
178 4405 200 4439 c.
224 4390 250 4438 5.
285 4416 318 4429 -
348 4387 430 4438 Codd.
456 4385 521 4436 ciat.
549 4391 574 4434 et
599 4387 686 4438 lieins.
731 4389 817 4440 Heius.
837 4407 852 4440 e
871 4391 1038 4441 deterioribus
1053 4389 1310 4456 8088818888Ιίουί-

112 4473 208 4523 omnes,
222 4458 318 4523 Berol,
334 4457 435 4522 orest,
444 4454 519 4507 Goth.
530 4454 554 4506 l.
563 4455 601 4519 2.,
615 4455 686 4522 Lips.
730 4459 788 4510 den.
806 4459 872 4511 idem
880 4459 972 4524 libem,
987 4460 1083 4525 heroi,
1097 4474 1184 4523 margo
1196 4460 1309 4524 ilem,
