2864 4890
633 196 735 249 LIBER
753 195 814 249 ΧΙΙ.

209 345 294 411 Mira
316 345 538 435 Periclymeni
559 369 647 412 mors
670 361 735 428 est,
759 344 811 410 cui
831 369 924 434 posse
944 349 1064 434 figuras

208 429 346 495 Sumere
370 455 448 515 quas
469 433 569 497 vellet
590 455 765 516 rursusque
792 455 948 532 reponere
968 451 1089 500 sumtas

208 513 379 600 Neptunus
400 516 547 596 dederat,
576 515 676 580 Nelei¹
693 515 859 600 sanguinis
883 533 1006 580 auctor.
1078 566 1083 585 .

207 597 284 678 Hic,
307 599 364 662 ubi
383 601 596 684 nequicquam
626 614 671 663 est
693 601 815 663 formas
841 600 984 665 variatus
1004 602 1039 665 in
1059 625 1182 686 omnes,

208 680 356 748 Vertitur
375 683 410 747 in
431 684 549 748 faciem
570 684 733 764 volucris,
756 707 836 768 quac
857 685 996 749 fulmina
1019 686 1128 752 curvis
1251 701 1310 754 560

206 765 307 831 Ferre
329 770 410 832 solet
431 769 586 855 pedibus,
610 769 722 832 divium
745 768 926 851 gratissima
949 768 1030 854 regi.

205 849 341 915 Viribus
363 876 440 916 usus
463 853 532 917 avis
556 853 670 938 pennis
690 869 859 936 rostroque
881 854 1025 917 redunco

204 932 414 1035 Hamatisque
436 936 502 1001 viri
529 937 709 1002 laniaverat
738 937 901 1022 unguibus
931 960 1008 1017 ora3

207 1019 330 1084 Tendit
358 1045 392 1084 tn
418 1021 505 1084 hunc
528 1021 665 1085 nimium
688 1036 791 1085 certos
813 1021 1010 1111 Tirynthius
1032 1044 1142 1106 arcus,

207 1105 317 1187 Atque
336 1104 421 1168 inter
442 1107 543 1169 nubes
565 1105 713 1170 sublimia
736 1107 881 1169 membra
900 1106 1059 1169 ferentem
1249 1118 1307 1174 665

205 1186 467 1272 Pendentemque
488 1189 583 1269 ferit,
609 1189 702 1254 lateri
724 1214 784 1274 qua
806 1190 955 1279 jungitur
977 1190 1040 1254 ala.

206 1269 277 1334 Nec
300 1295 402 1354 grave
423 1275 544 1338 vulnus
568 1290 654 1353 erat3
676 1275 732 1338 sed
757 1273 846 1361 rupti
867 1275 1004 1340 vulnere
1019 1273 1114 1341 nervi

205 1353 371 1420 Deficiunt
399 1373 585 1441 motumque
609 1374 728 1443 negant
742 1360 892 1442 viresque
911 1357 1059 1423 volandi.

206 1438 337 1503 Decidit
357 1441 392 1504 in
413 1456 532 1505 terram
562 1465 628 1506 non
651 1442 902 1529 concipientibus
924 1465 1019 1507 auras

198 1521 346 1607 llnlirmis
370 1525 502 1611 pennis,
528 1542 559 1590 et
580 1550 641 1610 qua
663 1528 744 1593 levis
768 1527 913 1591 haeserat
934 1527 1015 1608 alae,
1249 1537 1310 1592 570

208 1604 361 1694 Corporis
381 1609 471 1672 affixi
491 1634 598 1697 pressa
622 1627 668 1675 est
688 1612 847 1695 gravitate
867 1608 993 1696 sagitta,
1099 1673 1102 1676 ⁴

203 1690 331 1776 Perque
352 1693 435 1758 latus
454 1717 618 1759 summum
636 1694 751 1784 jugulo
774 1710 820 1760 est
843 1709 957 1759 exacta
978 1692 1121 1759 sinistro.

204 1774 294 1840 Num
313 1777 430 1842 videor
452 1779 567 1843 debere
588 1779 634 1843 tui
657 1781 829 1866 praeconia
851 1781 947 1843 rebus

204 1857 373 1942 Herculis,
395 1886 414 1927 o
433 1861 580 1928 Rhodiae
608 1864 721 1929 ductor
741 1863 960 1951 pulcherrime
981 1860 1119 1926 classis?

202 1942 272 2007 Nec
294 1960 400 2010 tamen
425 1947 579 2027 alteriue,
609 1971 704 2031 quam
726 1949 825 2012 fortia
847 1949 930 2011 facta
952 1946 1088 2024 silendo,
1248 1955 1307 2014 575

201 2027 349 2093 Ulciscor
368 2031 507 2095 fratres:
537 2032 640 2095 solida
662 2048 708 2096 est
734 2032 824 2095 mihi.
844 2030 949 2116 gratia
973 2031 1119 2092 tecum.“

153 2161 214 2211 556.
235 2178 316 2228 posse
334 2167 444 2215 menae.
477 2164 550 2215 Cani.
572 2165 609 2229 ΙΙ,
628 2165 690 2216 483.
769 2164 938 2226 atutunge:
953 2164 1106 2230 ataugida,
1121 2163 1312 2229 qualevissse·

151 2230 212 2280 557.
234 2233 341 2283 dederat
359 2249 470 2283 sumere.
488 2234 544 2284 Vid.
560 2235 619 2296 adl,
629 2234 690 2284 486.
733 2235 809 2297 viter)
829 2235 952 2284 haeserat
971 2233 1046 2292 alac,
1071 2232 1209 2298 gravitate
1228 2234 1310 2298 (gravi

114 2326 148 2338 --
162 2298 200 2347 De
214 2299 298 2349 l'obula
312 2302 362 2350 vid.
376 2302 491 2367 Apollod.
507 2302 526 2352 Ι.
541 2318 564 2351 c.
574 2303 599 2352 ΙΙ.
608 2332 640 2342 -
654 2304 691 2353 De
733 2303 816 2369 lapsu)
825 2303 940 2369 corporis
952 2301 1031 2364 affici
1038 2305 1132 2368 pressa
1144 2303 1163 2351 i.
1173 2319 1195 2350 c.
1206 2303 1310 2366 impres-

117 2367 229 2416 dietiouc
242 2384 342 2419 morere
352 2378 454 2421 sumtus
466 2371 517 2420 vid.
532 2373 563 2421 ad
577 2372 596 2435 Ι,
612 2372 654 2422 33.
734 2387 763 2421 sa
782 2380 832 2424 est.
872 2373 925 2421 an
943 2371 1052 2437 pertinet
1070 2370 1167 2421 Lucan.
1188 2370 1238 2434 ΙΙΙ,
1259 2373 1309 2426 723

153 2436 214 2485 559.
233 2439 362 2489 coriatus.
389 2439 479 2501 Cant,
494 2441 599 2501 Dresd.,
615 2441 690 2492 Goth.
734 2457 817 2509 seqq„

116 2505 155 2568 2.,
169 2505 229 2567 Ox„
244 2506 301 2556 Par.
319 2508 342 2558 Ι.
357 2514 383 2558 et
395 2508 446 2558 XX
460 2510 544 2559 Heius.
558 2519 690 2562 versutos.
803 2508 914 2574 Excipit
934 2507 1000 2557 laec
1012 2505 1087 2570 (tela)
1102 2504 1211 2567 juvenis
1228 2523 1309 2576 geae-

118 2573 169 2622 Scd
197 2576 320 2640 scriptura
352 2578 453 2640 vulgata
477 2579 617 2641 elegantior
640 2586 689 2631 est.
942 2577 1262 2644 rosisangnim‘sdrgns,

115 2640 231 2703 Pugnans
253 2660 308 2694 cum
325 2645 433 2696 Hercule
451 2647 526 2697 tiebat
544 2649 615 2697 niodo
638 2651 688 2711 leo,
804 2651 865 2716 Quo
872 2647 935 2709 jam
947 2661 1000 2695 noa
1017 2645 1118 2696 medios
1137 2646 1269 2698 descendit
1280 2647 1309 2699 in

115 2712 306 2777 modoanguis,
326 2716 398 2763 modo
417 2717 480 2780 apis.
506 2718 656 2781 Apollodl.
671 2719 689 2767 Ι.
786 2767 794 2779 ⁸
936 2714 984 2764 ilia
1000 2721 1099 2777 uenter,

118 2778 168 2828 Sed
180 2784 300 2844 trajectus
314 2790 352 2832 est
365 2783 473 2834 Palladis
481 2787 575 2835 inanito
587 2787 618 2835 ab
628 2788 691 2836 Her·
804 2782 965 2848 Adjucitqnc
988 2798 1036 2832 sno
1050 2784 1226 2849 procumbens
1239 2799 1310 2852 pon·

116 2849 187 2911 aule,
202 2866 256 2900 cum
270 2859 351 2901 sumta
370 2853 423 2918 apis
443 2853 522 2904 forino
540 2859 623 2904 currui
636 2856 691 2920 ejus
942 2853 1004 2902 dere
1011 2855 1123 2914 ferrum.

116 2916 246 2968 insideret.
735 2917 841 2984 Quidam
854 2918 940 2969 licius.
956 2928 982 2970 et
994 2921 1050 2969 edd.
1061 2920 1143 2970 Vena.
1158 2937 1237 2986 qnae.

151 2986 211 3037 566.
237 2988 349 3039 colueris
373 2992 551 3058 quac-regi,
583 2993 691 3057 aquilae.
772 2987 832 3038 572.
852 2996 1009 3040 exuctaest.
1036 2988 1161 3048 cantv,
1178 2988 1238 3038 139.

115 3052 152 3120 Χ,
168 3055 228 3105 158.
772 3056 832 3106 573.
852 3071 924 3106 aum.
946 3057 988 3106 Sic
1001 3057 1076 3106 tacite
1090 3056 1168 3105 edidit
1180 3056 1308 3118 Heinsius,

154 3124 214 3177 562.
232 3126 354 3177 redunco.
379 3126 491 3188 dread„
505 3126 539 3177 Vl
561 3128 647 3177 Heius.
668 3137 694 3180 et
736 3125 799 3188 quod
814 3124 886 3173 codd.
900 3123 974 3186 Viv'.‚
990 3125 1048 3173 Bos.
1062 3125 1104 3186 2.,
1119 3123 1220 3184 Bacch,
1234 3123 1308 3174 Vrat.

115 3208 202 3255 mergo
216 3195 256 3243 ed.
272 3194 344 3244 vinc.
358 3196 476 3246 reducto.
491 3195 545 3245 Pet.
557 3198 583 3249 2.
597 3204 623 3246 et
635 3196 693 3248 vui
737 3199 762 3242 et
776 3193 832 3242 edd.
848 3192 929 3242 Venn.
943 3199 1054 3242 tuentur.
1076 3221 1107 3231 -
1133 3191 1196 3242 cod.
1210 3193 1307 3243 Bersm.

116 3263 260 3314 aliilleius.
276 3280 391 3314 recurvo.
406 3293 439 3303 -
460 3264 507 3313 Pro
523 3265 618 3331 pennis
634 3265 692 3316 Par.
717 3267 762 3317 „et
786 3260 882 3310 Zwicc.
906 3277 968 3312 nott.
996 3261 1102 3324 Dresd.‚
1127 3260 1202 3311 Goth.
1230 3261 1307 3326 Ι.2.,

117 3332 145 3381 Ι.
169 3338 195 3381 et
220 3333 260 3382 etl.
281 3348 319 3397 pr.
337 3334 457 3398 pedihus.
483 3331 560 3383 Male.
577 3335 695 3400 Sequitur
737 3328 850 3392 Peto„
865 3329 962 3393 uben,
983 3330 1309 3398 1.ips.2.eted.pr.cum

116 3400 184 3451 enim
190 3403 335 3468 unguibus,
350 3409 376 3450 et
388 3418 447 3452 aves
461 3417 564 3466 rapaces
572 3404 618 3454 alis
632 3419 692 3468 quo·
735 3399 804 3461 vulg.
818 3415 898 3450 nunc.
920 3415 1005 3465 porum
1019 3401 1157 3462 eleganter.

115 3485 164 3534 quc
180 3468 503 3536 leriicpraetluutconstat.
770 3469 830 3518 574.
851 3470 955 3520 ductor.
983 3469 1003 3519 ll
1025 3469 1139 3531 Bersnt„
1166 3467 1241 3520 Goth.
1269 3467 1306 3531 Ι.,

152 3538 214 3591 564.
238 3537 356 3589 Nonnulli
378 3540 466 3590 llcios.
492 3546 518 3589 et
543 3540 582 3590 ed.
603 3556 641 3605 pr.
663 3540 691 3592 in
733 3535 791 3587 Por.
806 3539 843 3601 2.,
859 3538 949 3602 naen,
965 3538 1034 3604 Lips.
1049 3539 1086 3602 2.,
1102 3538 1184 3598 veae,
1201 3537 1308 3599 Zwiee,

116 3605 198 3658 hanc.
224 3606 367 3674 Perpetem.
390 3608 437 3658 Est
449 3609 513 3658 enim
527 3624 614 3659 versus
628 3610 689 3661 564.
733 3607 831 3671 plurimi
853 3608 986 3673 Heiusct
1003 3609 1043 3657 ed.
1064 3624 1103 3672 pr.
1128 3614 1220 3656 rector.
1259 3603 1310 3654 lle·

115 3677 545 3742 apodasisvcrsuum562.et;563.‚
560 3679 584 3728 in
601 3680 689 3744 quibus
733 3677 793 3740 liqui
819 3692 904 3727 omnes
927 3677 1037 3738 ductor,
1069 3675 1134 3740 quod
1161 3672 1309 3736 exquisitius

115 3746 210 3809 legitur
220 3762 285 3796 usus
297 3762 388 3809 genere
401 3749 549 3797 masculino.
575 3747 690 3799 loliano
732 3752 781 3797 est.
808 3746 880 3796 llorn.
896 3745 925 3794 tt.
940 3746 970 3808 ll,
986 3745 1046 3794 653.
1285 3799 1292 3822 Ι

114 3814 236 3864 exhibent
248 3815 305 3865 Par.
320 3816 339 3867 Ι.
353 3817 390 3876 2.,
405 3817 597 3881 plurimiHeins.
612 3825 637 3866 ct
650 3834 691 3867 rc·
806 3809 985 3879 Τληπόλεμος
1004 3809 1030 3863 (Υ
1049 3805 1237 3876 Ἡρακλείδης,
1257 3803 1309 3873 ἠΰς

114 3883 176 3948 liqui
191 3884 262 3934 codd.
278 3891 304 3933 et
316 3886 372 3934 edd.
388 3885 469 3936 Venn.
480 3917 507 3924 -
526 3885 689 3952 Tirynthius.
942 3896 969 3929 ²⁸
982 3881 1071 3946 μέγας
1082 3893 1118 3942 τε,
1166 3937 1180 3957 ν

115 3952 173 4004 vit.
189 3951 237 4013 Vl,
255 3952 314 4003 tte.
799 3944 847 4000 Ἐκ
861 3941 958 3999 Ῥόδου
979 3947 1058 3998 ἐννέα
1076 3947 1143 4026 νῆνς
1160 3960 1229 4012 uper
1245 3941 1307 3998 ‘Po-

151 4021 213 4071 565.
227 4022 351 4073 sublimia
358 4023 472 4072 membra
480 4024 624 4084 serentem,
639 4023 690 4071 alte
950 4015 1019 4066 dior
1038 4012 1196 4131 ἀέερωχων.

113 4090 252 4140 volantem.
771 4081 831 4132 575.
850 4098 899 4133 aec
928 4090 1026 4135 tamen.
1080 4083 1121 4132 dd.
1142 4081 1224 4132 chn.
1251 4095 1307 4130 com

151 4159 212 4208 566.
235 4159 315 4209 lateri
327 4159 588 4227 quujungimrala.
616 4159 690 4209 conf,
734 4153 803 4214 vulg.
824 4167 856 4202 ne
874 4159 971 4204 tamen.
1005 4152 1134 4218 Scriptura
1155 4157 1308 4201 nectamus

113 4242 141 4279 v.
157 4228 219 4278 315.
233 4229 294 4277 471.
734 4227 834 4287 praeter
863 4237 951 4272 sensns
981 4221 1117 4272 bonitatem
1146 4219 1308 4269 confirmatur

149 4296 211 4346 568.
232 4296 338 4361 Quidam
352 4297 439 4346 Heius.
454 4295 565 4347 volanti.
734 4291 808 4341 etiarn
822 4290 923 4354 orest„
938 4290 1013 4342 Goth.
1031 4290 1054 4340 Ι.
1068 4292 1112 4353 2.,
1133 4289 1231 4348 Rhea,
1246 4286 1304 4336 Por.

149 4365 211 4415 569.
230 4381 283 4416 non
296 4367 399 4434 concip.
413 4381 505 4417 ouras.
531 4363 605 4415 Conl.
622 4360 689 4425 viti,
733 4362 770 4422 2.,
784 4359 854 4425 Lips.
868 4361 894 4415 2.
916 4367 941 4411 et
953 4360 1067 4421 Zwicc.,
1088 4358 1129 4423 qui
1147 4371 1173 4406 v.
1188 4356 1248 4407 576.
1262 4355 1308 4404 ha-

111 4433 177 4488 228.
193 4434 278 4499 Quint.
293 4436 314 4485 Ι.
329 4436 361 4487 0.
375 4435 422 4488 ΧΙ.
437 4450 461 4486 c.
471 4436 496 4486 3.
509 4443 616 4487 ventum
629 4447 691 4483 con·
732 4430 793 4480 bant
803 4429 933 4492 ulciscor,
954 4431 1018 4495 quod
1030 4442 1117 4478 verum
1129 4426 1237 4475 videtur.

112 4503 291 4569 θίΜθνθῑΙθ·
363 4537 366 4547 =
453 4497 458 4518 ”
770 4498 831 4550 576.
850 4499 952 4564 solida,
966 4512 1040 4559 vere,
1054 4496 1135 4545 firma.
1154 4493 1210 4545 Cic.
1229 4490 1308 4543 Tusa.

1019 4562 1094 4627 30*
