2864 4890
120 183 209 239 xxvt
478 178 803 235 METAMORPHOSEON
833 176 962 232 sualua.

120 338 234 426 culpa,
267 336 425 402 inferiore
445 349 536 424 parte
557 349 632 400 ante
652 333 688 398 in
708 355 785 400 aves
814 355 991 400 conversae
1018 349 1135 402 essent.
1188 332 1315 421 (lereti,

122 441 236 506 dolore
257 439 389 504 tandem
408 438 447 502 de
466 437 582 502 amissa
605 436 672 501 filia
694 436 808 519 lenito,
827 435 863 500 in
886 433 1034 505 Siciliam
1053 460 1204 505 reversae
1225 439 1314 504 Are·

119 544 249 608 thusam
278 563 426 606 narrasse
457 539 777 604 transformationem
803 560 897 604 suam
924 538 961 604 in
988 540 1126 605 fontem.
1182 538 1315 608 Deinde

124 646 219 710 deam
238 658 365 710 vectam
385 665 453 708 esse
466 641 626 724 Athenas,
648 639 854 728 Triptolemo
875 642 999 706 semina
1020 641 1156 728 frugum
1175 642 1312 727 dedisse,

121 763 154 814 et
173 747 327 836 Lyncum
347 742 547 834 Scytharum
568 767 691 831 regem,
713 742 769 828 qui
789 742 866 808 huic
888 743 971 808 illud
992 766 1112 808 munus
1132 743 1312 828 invideret,

120 851 160 916 in
178 849 276 940 lynca
297 862 450 913 mutasse.
494 845 592 912 Hunc
612 845 714 932 igitur
741 858 891 926 cantum,
921 844 1028 932 pergit
1047 844 1142 910 Musa
1163 869 1312 930 narrare,

122 976 197 1018 cum
215 949 363 1017 Pierides
384 948 582 1041 sprevissent
611 962 643 1013 et
664 946 812 1012 convicia
834 945 1045 1031 addidissent,
1069 970 1088 1012 a
1109 970 1144 1014 se
1165 948 1202 1014 in
1222 947 1312 1038 picas

120 1072 190 1122 esse
209 1066 361 1119 mutatas.

204 1205 282 1271 Lib.
303 1202 364 1270 Vl.
415 1201 492 1288 Quo
514 1201 664 1291 exemplo
694 1214 781 1265 mota
808 1199 920 1266 Pallas
942 1200 981 1265 de
1007 1202 1199 1287 Arachnae,
1224 1202 1311 1269 lani·

119 1299 191 1374 ficii
212 1321 282 1372 arte
308 1305 485 1392 superbae,
522 1304 665 1371 vindicta
695 1301 861 1388 cogitavit.
912 1300 1031 1389 ltaque
1057 1305 1139 1371 inito
1170 1329 1245 1371 cum
1272 1329 1312 1371 ea

121 1408 316 1490 certamine,
339 1407 438 1473 telam
457 1422 592 1491 utraque
612 1404 840 1487 instituerunt,
861 1428 899 1470 ao
917 1404 1069 1473 Minerva
1090 1407 1251 1489 intexuit,
1273 1421 1312 1474 ut

122 1511 214 1594 olim,
236 1534 337 1596 quum
359 1534 433 1574 oum
448 1507 601 1596 Neptuno
623 1507 662 1572 de
681 1506 814 1573 Athenis
837 1507 978 1591 certarit,
1000 1507 1172 1597 Neptunus
1187 1504 1312 1578 tride'n·

112 1612 161 1732 gis
183 1612 250 1678 ictu
268 1613 401 1694 fretum,
423 1610 492 1699 ipsa
515 1624 623 1675 autem
646 1609 768 1675 olivam
789 1609 962 1697 protulerit
983 1635 1022 1676 ac
1042 1611 1173 1694 vicerit3
1195 1611 1312 1679 deinde

119 1739 156 1781 tn
170 1715 281 1780 eadem
295 1712 550 1802 repraesentavit
564 1712 742 1799 Rhodopae
762 1727 792 1778 et
806 1709 984 1777 Haemonis
1007 1713 1042 1778 in
1058 1729 1195 1796 montes,
1216 1714 1311 1805 Pyg-

119 1840 231 1897 maeae
252 1815 287 1881 in
307 1840 433 1903 gruem,
455 1815 642 1902 Antigonae
664 1814 701 1880 in
723 1814 893 1898 ciconiam,
917 1830 947 1880 et
962 1814 1105 1909 Cinyrae
1118 1816 1261 1884 filiarum
1273 1816 1311 1884 in

120 1919 240 2006 gradus
262 1919 374 2006 templi
394 1917 695 2009 transformationes
702 1941 712 1998 ;
731 1916 886 1984 Arachne
903 1917 1044 1983 intexuit
1065 1918 1157 1984 varia
1174 1918 1312 1986 deorum

119 2022 209 2088 furta
225 2036 319 2106 atque
334 2019 648 2086 transformationes.
671 2017 745 2104 Qua
758 2019 821 2084 tela
838 2019 983 2084 confecta
999 2043 1017 2085 a
1032 2019 1168 2086 Pallade
1181 2020 1218 2086 in
1234 2043 1311 2086 ara·

120 2146 218 2189 neam
238 2135 363 2189 mutata
385 2136 442 2186 est.
492 2120 608 2207 Neque
626 2136 735 2187 tamen
754 2119 862 2188 Niobe
889 2121 1055 2210 popularis
1081 2120 1178 2212 hujus
1204 2145 1311 2209 poena

120 2225 287 2291 admonita
310 2239 376 2306 est,
399 2239 436 2288 ut
455 2222 602 2289 Latonae
623 2224 766 2290 cederet:
797 2224 838 2289 ob
860 2246 955 2307 quam
976 2224 1182 2312 superbiam,
1199 2222 1311 2289 inter-

121 2328 215 2393 fectis
237 2329 278 2393 ab
302 2325 456 2414 Apolline
486 2341 517 2391 et
536 2324 647 2391 Diana
674 2326 825 2392 omnibus
854 2324 966 2390 liberis
1003 2325 1096 2417 ejus,
1125 2326 1161 2391 in
1191 2313 1311 2391 saxum

123 2428 288 2495 obduruit.
332 2427 408 2514 Quo
431 2428 580 2515 cognito,
612 2451 696 2492 unus
726 2429 865 2515 evulgo
892 2427 928 2491 in
955 2427 1148 2494 memoriam
1172 2450 1310 2494 revoca·

120 2530 189 2614 vit,
210 2529 333 2622 Lycios
355 2529 492 2596 rusticos
513 2529 675 2614 quondam
703 2529 743 2594 ab
767 2529 879 2594 eadem
899 2528 1026 2595 Latona
1053 2529 1089 2594 in
1109 2551 1205 2593 ranas
1231 2551 1311 2594 ver·

119 2655 192 2715 sos,
216 2648 246 2698 et
267 2633 349 2699 alter
370 2632 525 2723 Marsyan
546 2631 588 2695 ab
607 2629 764 2717 Apolline
785 2630 868 2696 irato
891 2631 1109 2714 excoriatum,
1133 2645 1164 2696 et
1185 2654 1229 2695 ex
1250 2630 1310 2694 de-

120 2733 320 2824 plorantium
347 2757 423 2800 eum
451 2731 682 2820 Nympharum
712 2746 744 2798 et
769 2729 968 2823 Satyrorum
998 2733 1143 2799 lacrimis
1170 2731 1312 2799 fluvium

119 2835 277 2925 Marsyan
302 2851 412 2902 ortum
433 2859 513 2901 esse.
547 2831 678 2900 Nioben
695 2835 786 2921 luget
803 2835 934 2923 Pelops,
958 2835 1012 2900 cui
1035 2837 1190 2903 humerus
1211 2834 1311 2899 ebur-

119 2962 200 3004 neus
223 2963 243 3002 a
258 2937 306 3002 dis
328 2937 420 3003 datus
443 2949 523 3000 erat.
567 2931 632 3003 Sed
652 2935 692 3000 ad
714 2938 927 3003 consolandos
942 2938 1119 3004 Thebanos
1143 2938 1183 3003 de
1205 2951 1310 3002 morte

120 3039 318 3128 Amphionis
341 3053 372 3103 et
392 3052 458 3103 tota
479 3036 579 3125 stirpe
601 3035 668 3127 ejus
680 3039 811 3104 urbium
832 3040 1046 3107 finitimarum
1066 3040 1167 3126 legati
1187 3062 1309 3106 conve·

117 3166 217 3208 nere:
239 3141 301 3207 soli
321 3140 452 3205 deerant
472 3138 705 3222 Athenienses,
730 3141 804 3227 quia
826 3165 845 3208 a
866 3142 1014 3208 barbaris
1043 3142 1225 3230 agminibus
1254 3141 1309 3205 in·

118 3244 341 3322 laetabantur,
376 3262 456 3324 quos
495 3241 622 3307 Tereus
656 3242 776 3310 Thrax
808 3244 905 3312 fudit.
956 3242 1063 3331 Igitur
1087 3243 1239 3309 Pandion
1278 3241 1310 3309 ei

117 3344 269 3412 Procnen
297 3342 333 3406 in
361 3339 606 3409 matrimonium
631 3344 729 3412 dedit.
779 3346 811 3414 ls
839 3363 949 3436 postea
970 3346 1116 3412 Athenas
1144 3367 1309 3426 reversus,

119 3470 195 3512 cum
213 3443 450 3526 Philomelam,
473 3445 589 3512 uxoria
608 3470 766 3531 sororem,
788 3472 898 3514 aecum
918 3447 1106 3514 abduxisset
1125 3462 1219 3532 atque
1239 3459 1310 3512 stu-

117 3561 257 3637 prasset,
278 3544 313 3610 in
332 3569 475 3634 upupam
496 3562 543 3612 est
564 3548 830 3630 transformatus,
867 3549 1050 3615 Philomela
1070 3549 1107 3615 in
1124 3547 1309 3630 lusciniam,

117 3646 247 3714 Procne
271 3647 308 3712 in
332 3647 552 3714 hirundinem.
608 3649 701 3734 Quae
730 3673 782 3716 res
805 3650 969 3717 Pandioni
997 3649 1144 3714 nuntiata
1171 3663 1311 3714 mortem

117 3734 235 3816 attulit.
273 3747 362 3847 Huic
383 3750 419 3816 in
438 3773 540 3836 regno
563 3751 716 3816 successit
736 3750 957 3834 Erechtheus,
986 3749 1077 3843 cujus
1103 3749 1205 3815 filiam
1228 3749 1310 3815 Ori·

117 3850 245 3944 thyiam
264 3850 387 3919 Boreas
410 3851 530 3939 rapuit,
553 3866 647 3936 atque
669 3876 713 3918 ex
733 3869 825 3942 rapta
848 3851 964 3920 Calain
984 3852 1169 3945 procreavit
1191 3867 1221 3916 et
1242 3851 1309 3920 Ze-

117 3968 193 4037 ten,
217 3953 273 4038 qui
294 3977 369 4019 cum
389 3956 526 4042 puberes
547 3953 626 4020 facti
648 3971 769 4039 essent,
802 3971 840 4023 ut
859 3958 1011 4024 volucres
1032 3979 1154 4045 pennas
1176 3977 1310 4042 accepe-

117 4072 196 4122 runt
217 4070 312 4141 atque
333 4054 369 4118 in
390 4055 657 4140 Argonautarum
677 4082 815 4126 numero
837 4060 990 4144 fuerunt,
1022 4084 1096 4126 cum

204 4205 282 4270 Lib.
308 4201 386 4269 Vll.
436 4202 533 4269 lason
555 4230 574 4272 e
599 4209 725 4295 Ponto,
759 4212 855 4280 vietis
882 4212 1015 4278 Medeae
1050 4209 1175 4276 auxilio
1206 4205 1309 4272 tauris

120 4307 233 4395 ignem
259 4305 484 4389 vomentibus,
513 4322 544 4372 et
573 4311 737 4380 seminatis
763 4314 919 4402 serpentis
949 4313 1117 4395 dentibus,
1148 4333 1166 4376 e
1193 4308 1310 4394 quibus

119 4407 268 4476 homines
287 4408 403 4475 armati
422 4408 628 4497 prodierant,
652 4430 683 4480 et
702 4417 868 4483 horrendo
895 4418 1034 4483 dracone
1052 4413 1178 4504 sopito,
1204 4410 1311 4481 vallus
