2864 4890
160 165 241 226 m
548 165 653 228 0,ku
671 163 979 220 murmuramus.

244 316 378 383 Vellera
401 312 619 408 oum‘Miuyie
641 318 744 384 nitido
763 317 927 384 radiantia
946 317 1031 397 villo
1299 333 1366 388 720

244 402 312 468 Per
333 425 423 467 mara
444 427 512 469 nou
533 419 658 469 motum
683 404 789 492 prima
808 403 932 492 petiere
954 402 1079 469 carina.
1112 441 1119 447 -

197 589 256 646 720.
267 589 374 640 ‘uellere
385 589 434 642 nit.
452 591 511 642 rad.
532 589 609 655 uilio,
628 590 734 642 oiroum-
778 590 866 642 Heius.
881 596 908 640 at
919 590 960 640 ed.
975 605 1015 656 pr.
1028 605 1081 642 uon
1093 597 1203 657 matrem,
1223 591 1251 642 h.
1273 608 1297 643 e.
1318 610 1359 645 re·

160 660 262 726 scriptio
273 659 373 710 velleris
386 661 478 725 aurei,
497 661 561 726 quod
574 660 658 711 fuerat
669 661 736 711 aria·
778 660 825 711 mia
838 659 945 710 noudum
956 665 1066 723 motum,
1086 661 1194 711 nondum
1207 667 1303 712 tactum
1315 665 1357 713 vei

159 729 193 781 tia
207 728 389 796 Chryaomaili,
408 745 480 794 quam
493 728 735 796 TheophaneaNa·
776 745 830 781 non
843 737 905 782 anta
916 736 1046 782 tentatum
1058 736 1086 779 ut
1098 729 1204 781 Ovidius
1226 731 1277 781 alio
1290 733 1355 782 loco.

160 805 236 866 lutuno
255 805 413 864 conceperat.
436 799 552 864 Apollod.
574 799 594 850 1.
608 815 631 850 o.
654 798 679 850 9.
701 827 735 840 -
776 796 841 850 Nam
847 799 915 862 Argo
929 813 1016 849 navem
1028 799 1132 866 primam
1142 814 1211 849 mure
1224 801 1356 866 trtn'eoissa

161 885 220 920 eum
232 866 342 936 Minyis,
356 867 375 917 i.
389 884 413 918 e.
427 883 483 918 oum
494 868 655 932 Argonautis.
684 866 736 919 Uu·
777 867 869 934 passim
892 875 1031 917 memorant
1053 875 1153 933 poetae.
1198 868 1260 920 Vid.
1285 870 1353 934 vin,

162 939 251 988 danum
276 938 322 987 hoo
340 937 500 1000 Argonautae
527 952 615 987 nomen
641 937 735 988 habue-
779 936 838 989 302.
854 943 880 986 et
891 943 944 987 not.
953 937 983 987 ad
995 936 1055 986 Her.
1064 936 1182 1010 x11‚‚13.
1197 938 1259 996 ,Duo
1268 939 1353 990 Heius.

160 1007 224 1070 rint,
248 1022 296 1058 nou
320 1006 381 1057 satia
401 1013 508 1057 eonatat.
543 1007 675 1072 Apollonio
702 1007 734 1072 (i,
778 1014 954 1058 nonuncium.
974 1004 1210 1060 resonantem.
1231 1007 1302 1076 Lips.
1316 1009 1353 1073 2.,

160 1077 234 1143 239.)
249 1083 273 1127 et
286 1075 383 1144 Hygino
403 1076 444 1142 (F.
465 1076 521 1142 14.)
539 1077 683 1127 auctoribus
696 1077 737 1128 la-
779 1074 872 1127 Medio.
887 1075 912 1125 1.
927 1076 964 1138 3.,
979 1074 1016 1127 xi
1030 1075 1118 1131 Heius.
1136 1093 1189 1129 nan
1206 1081 1307 1131 mean.
1322 1105 1353 1116 -

161 1163 206 1199 auu
218 1162 274 1196 uum
286 1145 397 1211 pluribus
408 1145 558 1209 Argonautis
571 1162 584 1196 e
596 1144 648 1196 Min
666 1161 737 1196 arum
780 1144 872 1195 Omnes
892 1144 959 1195 crof.
981 1151 1006 1195 et
1024 1144 1114 1210 reliqui
1137 1161 1194 1197 eum
1212 1148 1271 1198 add.
1292 1155 1355 1198 vett.

161 1222 235 1280 gente
249 1215 359 1265 inerunt.
385 1213 501 1266 Perizon.
521 1214 553 1265 ad
570 1215 628 1268 net.
648 1162 681 1268 ζ’
703 1215 735 1266 H.
779 1230 831 1265 uon
850 1222 970 1278 ποτιιηι,ν
984 1216 1049 1279 quod
1068 1214 1121 1264 iere
1134 1215 1200 1265 idem
1219 1217 1353 1280 signifieat.

161 1284 206 1337 111.
221 1301 244 1335 o.
261 1284 303 1337 42.
780 1283 830 1334 Sed
839 1298 893 1334 eum
905 1291 1062 1336 nummatum
1074 1284 1100 1334 in
1110 1285 1157 1334 hae
1170 1298 1198 1334 re
1211 1285 1288 1337 etium
1296 1287 1356 1339 alibi

198 1353 258 1409 721.
276 1368 329 1405 nou
347 1360 456 1408 motum.
482 1351 558 1404 Goth.
582 1351 606 1404 1.
620 1353 658 1418 2.,
672 1369 736 1406 unua
780 1354 905 1419 dicatur„
918 1355 965 1404 hoe
977 1352 1168 1420 praeferendum
1187 1355 1285 1420 putavi.
