2864 4890
187 140 265 199 m
565 141 669 194 ovum
688 138 994 193 naumomuosus

270 289 380 358 Unam
400 293 553 381 seposuit,
574 294 630 360 sed
654 317 717 380 qua
738 317 799 359 nec
819 293 945 359 acutior
966 293 1036 357 nlla

267 375 302 442 N
303 401 339 442 ec
353 378 461 443 minus
474 378 597 445 incerta
613 395 671 460 est,
687 403 747 444 nec
760 402 843 464 qnae
857 377 960 465 magis
975 374 1086 443 audiat
1099 399 1228 462 arcum,

271 462 492 549 oppositoque
513 487 601 548 genu
621 463 901 530 curvavirflexite
923 486 1024 527 cornu
1098 489 1103 493 ·

268 543 308 611 ln
331 571 371 610 ue
393 571 449 611 cor
470 548 597 613 hamata
618 549 773 635 percussit
794 548 952 612 arundine
973 546 1099 611 Ditem.

310 570 410 696 iiatsd
432 634 546 718 procul
567 631 733 698 Hennaeis
753 633 841 697 lacus
860 647 907 696 est
927 656 945 696 a
968 629 1138 696 moenibus
1160 632 1258 715 altae,
1314 641 1404 699 382

268 710 412 780 Nomine
434 722 570 803 Pergus,
593 742 708 803 aquae.
752 716 829 782 Non
849 716 908 781 illo
929 717 1024 806 plura
1047 711 1203 816 Caystros

270 797 425 866 Carmina
447 826 629 891 cypriorum
649 802 831 867 labentibus
852 801 942 866 audit
962 800 998 864 in
1020 801 1128 900 undis,

269 880 363 950 Silva
385 901 520 951 coronat
538 909 649 971 aquas,
672 886 804 971 cingens
825 887 909 950 latus
928 908 1036 965 omne,
1058 908 1189 970 stumque

267 967 453 1036 Fraudibus
473 987 511 1036 ut
530 973 607 1037 velo
627 970 796 1036 Phoebeos
817 972 988 1036 submovet
1009 969 1115 1053 ignes,

267 1051 408 1140 Frigora
432 1058 509 1120 dant
530 1055 627 1137 rami,
649 1056 759 1121 varios
779 1057 897 1119 humus
920 1053 1050 1119 humida
1073 1056 1189 1134 floreas
1311 1059 1370 1114 39⁰

267 1137 465 1224 Perpetuam
485 1163 546 1206 ver
564 1156 622 1206 est.
666 1139 742 1222 Quo
765 1141 841 1204 dum
864 1138 1060 1227 Proserpina
1081 1139 1157 1205 luco

266 1221 367 1288 Ludit
389 1240 419 1288 et
441 1240 496 1289 sut
516 1223 620 1290 violas
641 1241 697 1290 aut
716 1225 851 1290 candida
873 1224 942 1289 lilia
960 1222 1075 1310 carpit,

266 1306 421 1392 Dumque
442 1310 579 1397 puellari
598 1310 704 1375 studio
726 1310 931 1393 calathosque
950 1308 1121 1391 sinumque

266 1390 385 1480 lmplet
407 1408 437 1457 et
455 1395 603 1479 aequales
622 1410 722 1460 certat
742 1418 895 1481 superare
915 1393 1071 1477 legendo;

267 1475 377 1542 Paene
397 1478 494 1543 simul
515 1479 584 1544 visa
608 1494 654 1543 est
674 1479 852 1564 dilectaque
873 1493 1028 1566 raptaque
1049 1473 1139 1540 Diti:
1308 1479 1356 1534 595

266 1559 377 1647 Usque
398 1564 477 1628 adeo
496 1578 543 1628 est
560 1580 753 1652 properatus
777 1588 881 1628 amor.
925 1563 998 1629 Dea
1020 1559 1130 1625 territa
1153 1572 1279 1625 maesto

266 1643 309 1710 Et
331 1664 467 1712 matrem
490 1663 520 1712 et
541 1648 684 1730 comites,
707 1650 761 1714 sed
781 1665 918 1713 matrem
938 1645 1077 1733 saepius,
1098 1667 1156 1709 ore

267 1728 404 1812 (ilamat,
428 1748 469 1811 et,
492 1749 529 1798 ut
548 1757 675 1799 summa
696 1749 819 1800 vestem
842 1733 979 1799 laniarat
1000 1733 1040 1795 ab
1062 1753 1132 1811 ora,

267 1812 406 1881 Collecti
426 1819 522 1882 flores
543 1817 659 1883 tunicis
681 1819 824 1884 cecidere
844 1816 999 1899 remissis,

265 1899 437 1986 Tantaque
458 1901 647 1991 simplicitas
665 1903 843 1992 puerilibus
865 1903 958 1967 affuit
977 1898 1084 1982 annis,
1306 1897 1363 1956 4⁰⁰

217 2053 278 2108 382.
296 2053 393 2118 lunge:
413 2070 461 2106 nec
478 2057 565 2108 minas
584 2057 687 2110 incerta
705 2065 752 2123 est,
794 2065 821 2108 et
838 2073 901 2108 unns
914 2055 969 2107 Pal.
988 2055 1072 2118 ictas,
1091 2051 1157 2119 quod
1174 2051 1230 2103 sino
1241 2046 1364 2105 amaia·

180 2131 275 2177 maest
287 2123 360 2190 (ulla)
373 2141 442 2192 qaas
450 2127 539 2195 magis
547 2128 751 2181 audiatur-cont.
795 2129 865 2178 duxit
878 2126 1003 2176 Heinsius.

179 2193 252 2258 Virs.
273 2193 306 2246 G.
327 2195 352 2257 Ι,
374 2195 434 2245 514.
453 2212 537 2264 neque
559 2199 637 2250 coms
655 2215 752 2251 corros
830 2196 890 2249 3⁹0.
909 2196 1008 2247 cartes.
1022 2188 1240 2253 attententes.
1252 2185 1363 2267 etNesp.

178 2261 305 2316 latonas.
326 2264 365 2316 Aa
384 2271 461 2316 totam
479 2267 628 2319 sententiam
645 2270 715 2320 cont.
729 2269 749 2334 1,
796 2267 897 2336 Tyrios,
910 2267 976 2332 qnod
987 2264 1053 2314 idem
1063 2259 1176 2326 cupidius
1184 2258 1288 2309 novavit
1294 2256 1367 2307 lina·

189 2333 223 2383 66
239 2349 296 2399 sqq·
576 2360 579 2365 ·
791 2338 843 2388 sins
854 2356 860 2401 3
875 2337 1011 2399 mirumque
1023 2332 1088 2397 quod
1100 2344 1149 2379 non
1160 2328 1303 2395 respexerit
1309 2340 1364 2405 ver:

215 2403 275 2454 383.
294 2402 351 2453 Cal.
365 2404 518 2456 etPriscian.
532 2405 577 2468 Vl,
592 2406 617 2469 4,
631 2405 675 2459 28,
691 2424 751 2458 cor.
792 2424 845 2457 sum
865 2406 925 2457 391.
947 2412 972 2454 et
990 2402 1052 2455 332.
1082 2400 1151 2453 Fust.
1165 2397 1217 2462 lv,
1230 2398 1306 2460 423,
1324 2394 1364 2445 ms

178 2488 251 2523 nom.
265 2500 296 2510 -
311 2472 370 2522 384.
390 2472 487 2525 Ditem.
503 2475 545 2537 lV,
560 2476 621 2526 438,
793 2477 895 2528 eandem
909 2491 961 2524 rem
974 2478 1075 2524 narrat:

214 2542 274 2592 385.
296 2542 391 2592 Henna
415 2559 436 2593 s.
457 2544 538 2595 Enna
563 2544 676 2610 oppidum
697 2561 751 2596 me·
865 2546 917 2598 Tot
929 2549 1045 2608 sumant
1062 2539 1117 2593 illic
1136 2543 1199 2605 qssot
1219 2535 1301 2587 halet
1316 2548 1365 2584 na·

178 2612 234 2662 diae
254 2611 370 2674 Siciliae,
392 2612 433 2661 ubi
452 2614 630 2664 nobilissimam
650 2615 750 2665 Cereris
1000 2611 1180 2668 torneatores,

178 2683 272 2733 lanam
293 2680 360 2732 Mela
379 2682 410 2732 ll.
430 2699 454 2732 c.
469 2683 494 2735 7.
510 2684 562 2734 Cic.
576 2683 651 2734 Verr.
666 2683 709 2733 lV.
725 2700 748 2735 c.
898 2683 1026 2749 Pictaque
1043 2679 1165 2732 dissimili
1175 2680 1248 2744 flore
1263 2672 1365 2728 mutas

176 2753 220 2802 48.
241 2752 284 2802 43.
309 2752 367 2802 Liv.
386 2752 482 2803 XXlV.
508 2769 532 2802 a.
552 2752 594 2802 38.
622 2752 751 2818 Scriptura
998 2752 1102 2801 domas.

178 2822 312 2873 Hennaeis
330 2830 431 2889 praeter
448 2837 500 2871 rem
524 2822 671 2871 confirmant
689 2822 747 2874 Par.
827 2822 887 2874 385.
907 2821 977 2871 Fast.
991 2821 1034 2881 ΙΙΙ,
1048 2821 1092 2873 21.

176 2893 220 2953 2.,
234 2890 320 2954 Flor.‚
341 2891 438 2954 Rhea,
453 2890 512 2941 Vnt.
530 2891 572 2952 1.,
588 2890 666 2943 Salm.
684 2891 707 2942 l.
723 2900 749 2942 et
859 2890 940 2944 Mars
962 2891 1031 2941 oidct
1048 2890 1118 2941 hane
1136 2886 1273 2948 visamque
1290 2876 1364 2949 sepa

176 2962 300 3011 nonnullis
327 2961 413 3010 Heius.
439 2960 498 3010 Vid.
518 2959 588 3011 Fast.
614 2961 664 3024 lV,
684 2962 745 3011 455.
991 2953 1259 3027 potitosqaecapita.

175 3030 237 3084 482.
258 3030 355 3095 Reliqui
375 3030 506 3082 Aetnaeis.
527 3029 601 3081 Gaul.
630 3031 694 3098 Hyg.
715 3031 744 3082 F.
789 3028 846 3080 Vid.
862 3036 913 3078 not.
928 3030 958 3078 ed
973 3029 993 3091 Ι,
1009 3030 1051 3080 33.
1313 3089 1319 3101 ι

176 3099 236 3150 146.
249 3101 333 3150 -De
348 3101 427 3150 iorum
443 3100 529 3151 Henn.
543 3116 588 3166 pro
601 3100 672 3152 Ean.
686 3100 745 3151 Vid.
825 3098 884 3149 388.
905 3097 980 3147 Goth.
994 3100 1038 3160 2.,
1057 3097 1127 3162 Lips.
1143 3093 1168 3145 1.
1187 3100 1213 3143 et
1226 3088 1261 3142 ΙΙΙ
1274 3087 1361 3171 limus:

174 3170 291 3221 Schneid.
306 3169 416 3221 Gramm.
430 3170 488 3221 Lat.
503 3171 523 3222 Ι.
537 3187 562 3237 p.
578 3170 637 3222 194.
789 3186 873 3236 nsque
891 3168 956 3218 odeo
970 3174 1133 3235 properatae·
1148 3180 1232 3215 onor.
1266 3159 1362 3223 Reliqua

209 3241 270 3290 388.
289 3241 392 3288 nomine
401 3240 511 3307 Pergae.
527 3241 615 3292 Claud.
631 3240 661 3290 de
674 3248 747 3307 raptu
789 3255 874 3289 omues
886 3240 1045 3304 usqueadeo
1058 3244 1096 3289 est
1104 3241 1266 3303 properatae
1278 3244 1362 3294 mor,

173 3306 289 3370 Prosem·
305 3306 337 3363 ΙΙ.
353 3306 412 3358 ¹12«
789 3309 836 3359 uisi
856 3309 919 3373 quod
939 3307 961 3357 ll
979 3309 1092 3367 Bemm,
1113 3305 1221 3366 mssa,
1242 3301 1298 3352 Pel.
1315 3299 1362 3363 2..

179 3404 182 3409 ,
243 3374 432 3441 Haudpromsi
447 3375 610 3443 indelacns,
632 3378 748 3448 Pergnm
789 3378 858 3443 Lips.
876 3378 898 3428 l.
924 3384 950 3427 ct
972 3378 1043 3427 multi
1063 3376 1150 3426 Heius.
1176 3382 1216 3425 est
1235 3371 1361 3423 enisum.

380 3442 584 3510 dixereSionni,
788 3447 841 3497 Nec
861 3448 990 3511 quiequam
1015 3454 1069 3508 est,
1096 3462 1142 3495 cur
1164 3445 1273 3509 priorem
1298 3438 1360 3491 seti-

243 3509 383 3563 Panditnr.
787 3523 883 3580 pturam
902 3517 958 3566 huic
971 3517 1077 3582 optimae
1089 3515 1228 3580 scriptume
1241 3512 1359 3563 librom!

172 3581 312 3649 Caystros,
332 3584 358 3631 11.
379 3580 484 3648 Lydiae.
522 3579 602 3631 Multa
620 3583 651 3631 de
670 3590 745 3633 cantu
786 3587 966 3650 praeferamus.
987 3613 1020 3625 -
1039 3587 1076 3635 Be
1088 3585 1132 3634 illo
1149 3576 1359 3650 usqueadeone

170 3653 327 3702 morientium
346 3667 479 3720 cygnorum
502 3651 606 3700 fabulati
626 3659 683 3701 sunt
699 3667 744 3701 ve·
788 3655 830 3716 Vl,
846 3655 888 3704 87.
903 3655 963 3706 438.
976 3654 1033 3718 Vll,
1047 3655 1108 3705 453.

169 3727 246 3772 teras.
284 3722 341 3772 Vid.
357 3729 408 3772 not.
423 3723 454 3771 ad
468 3722 500 3783 ll,
514 3721 575 3774 253.
609 3721 662 3770 Cic.
677 3721 742 3771 Tus-
820 3724 878 3774 398.
899 3714 1356 3780 samma-alona.Conl.lll‚lild·

169 3790 219 3839 eal.
246 3791 265 3842 Ι.
293 3809 317 3842 e.
339 3792 381 3844 30.
406 3792 449 3843 nli
474 3792 525 3842 vid.
546 3789 657 3841 liiihner.
679 3791 739 3841 Her.
784 3794 1013 3857 Berol.‚Brient.,
1035 3795 1105 3844 Cael.
1128 3791 1211 3851 1.2.,
1234 3788 1306 3854 Lips.
1320 3784 1356 3846 1.,

168 3857 224 3922 Vll,
241 3859 264 3909 1.
785 3863 863 3913 Saltu.
880 3864 904 3914 1.
919 3865 945 3917 2.
968 3871 994 3914 et
1007 3864 1028 3915 11
1041 3863 1099 3914 Vat.
1116 3860 1182 3910 cist.
1195 3854 1357 3909 sonno-at

237 3928 284 3979 Sic
300 3929 348 3981 ubi
359 3933 424 3994 soto
441 3931 608 3985 oceanitidis
621 3930 741 3994 adjectos
783 3951 837 3984 ore.
851 3934 978 3983 mendose.
994 3933 1056 3984 (lod.
1070 3934 1178 3990 Berua„
1193 3927 1270 3981 Goth.
1280 3925 1306 3977 1.
1318 3925 1356 3988 2.,

373 4001 502 4051 inberbis
783 4002 880 4064 Rham,
896 4003 974 4053 Sulm.
991 4002 1015 4053 1.
1030 4003 1072 4064 2.,
1093 4001 1162 4065 Lips.
1177 3998 1203 4053 2.
1224 3996 1304 4047 etet.
1318 4009 1355 4060 pr.
1379 3998 1390 4023 ’

271 4067 313 4116 Aa
327 4068 399 4116 vado
412 4069 560 4120 Maeandri
575 4071 689 4123 concinit
700 4071 741 4121 al-
783 4073 915 4124 laniabat.
944 4073 1038 4123 Briant.
1064 4079 1090 4121 et
1114 4069 1205 4120 llresd.
1233 4064 1355 4118 lenierit.

374 4137 422 4186 das
434 4140 501 4188 olor.
783 4142 857 4205 Vulg.
884 4142 1019 4205 laniarat,
1040 4141 1104 4207 qaod
1129 4137 1242 4189 mutandi
1265 4146 1356 4187 auum

201 4203 261 4253 388.
284 4203 413 4255 Phoebeos
419 4245 427 4270 ,
448 4207 549 4257 Phoebi.
565 4206 590 4269 Ι,
606 4208 647 4257 10.
663 4208 737 4259 Coos.
782 4228 829 4261 non
843 4213 925 4261 adest.

166 4270 216 4333 ΙΙΙ,
237 4272 296 4323 183.
312 4280 337 4321 ct
349 4273 391 4335 Vl,
406 4276 449 4325 48.
472 4303 488 4310 -
508 4283 541 4327 ot
552 4275 621 4340 selo,
638 4292 674 4326 se.
690 4294 738 4342 quo
815 4279 875 4330 400.
892 4276 1157 4347 puerilibus-annis.
1171 4275 1295 4327 Priscian.
1311 4271 1354 4325 Vl.

164 4341 427 4402 tegebaturtheatrnm
440 4351 525 4394 contin
537 4344 735 4410 imminuendi,
780 4365 803 4398 e.
818 4350 843 4400 8.
858 4349 899 4399 ubi
913 4352 1001 4412 docet,
1022 4350 1136 4413 antiquos
1155 4346 1225 4396 vocis
1235 4361 1307 4413 poer
1317 4342 1356 4395 ie·

164 4410 252 4472 solem,
266 4411 500 4476 pluviam,al.Plin.
511 4413 542 4463 ΙΙ.
554 4411 584 4463 Ν.
594 4412 665 4464 xlx.
675 4432 698 4466 e.
710 4417 733 4468 1.
779 4419 896 4468 mininam
916 4421 1010 4471 dixisse
1023 4435 1127 4487 puero,
1148 4416 1252 4466 laudato
1270 4420 1355 4465 nostro

161 4478 219 4530 Juv.
235 4479 289 4530 Sat.
305 4480 348 4544 lV,
364 4481 423 4538 122.
444 4511 476 4522 -·
495 4482 587 4534 Medic.
601 4484 639 4548 2.,
654 4483 733 4551 Neap.
778 4488 833 4538 loeo
852 4488 954 4554 adjicits
978 4490 1050 4558 qnod
1069 4487 1216 4540 detonsam
1234 4481 1356 4552 (puerili-
