2864 4890
116 179 195 238 XXX
479 180 805 238 munnonrnosson
824 179 955 236 81111118.

202 336 280 403 Lib.
301 333 383 402 Xll.
426 332 515 402 Huic
536 350 607 403 tum
627 337 780 404 Priamus
807 352 902 425 pater
918 351 1073 424 tanquam
1097 322 1235 404 mortuo
1249 360 1312 404 ex·

119 437 246 524 sequias
266 436 344 502 fecit
364 461 429 502 una
451 462 527 504 cum
546 438 641 523 liliis,
669 455 805 527 excepto
826 439 965 522 Paride,
996 439 1052 524 qui
1081 439 1118 507 in
1140 440 1312 507 Graeciam

115 541 281 629 profectus
303 536 466 604 Helenam
485 541 605 629 rapuit.
649 542 826 630 Raptorem
844 542 946 608 secuti
969 556 1045 608 sunt
1067 541 1196 624 Graeci,
1219 556 1311 630 post-

119 665 216 728 quam
245 639 385 723 Aulide,
415 659 562 730 serpente
591 644 733 729 quodam
762 644 797 710 in
826 644 968 734 lapidem
990 657 1136 728 mutato,
1164 644 1310 711 Dianam

118 746 248 833 placare
277 743 450 810 voluerant
477 743 646 835 Iphigenia
683 748 810 829 oblata,
841 746 895 811 cui
923 761 1032 812 tamen
1058 747 1119 812 dea
1146 745 1311 812 substituit

119 870 263 914 cervam.
316 845 458 936 Trojaui
479 871 553 914 cum
582 851 670 914 fama
702 849 880 915 adventum
907 848 1109 915 Graecorum
1133 846 1309 934 cognovis-

119 964 208 1032 sent,
232 947 349 1014 armati
368 973 422 1015 eos
443 966 684 1038 exspectarunt.
734 950 850 1018 Primo
879 973 1054 1037 congressu
1070 947 1226 1039 Gygnus,
1252 948 1310 1036 qui

118 1051 274 1118 duritiam
307 1050 424 1138 lapidis
459 1052 597 1118 habebat
632 1077 736 1139 neque
771 1054 862 1119 ferro
897 1052 1068 1119 vulnerari
1104 1065 1229 1141 poterat
1265 1053 1309 1119 ab

118 1154 253 1224 Achille
279 1152 460 1219 constrictis
486 1155 635 1220 faucibus
660 1157 836 1221 suffocatus
866 1169 897 1221 et
924 1152 1120 1243 aNeptuuo
1148 1155 1183 1220 in
1211 1177 1309 1221 avem

118 1257 170 1324 sui
194 1256 336 1322 nominis
358 1278 535 1322 conversus
557 1273 615 1323 est.
658 1256 698 1323 ln
720 1257 873 1325 convivio
896 1272 1029 1344 propter
1044 1280 1115 1322 eam
1134 1256 1310 1323 victoriam

117 1359 264 1427 instituto
285 1356 418 1429 Nestor,
432 1357 469 1423 in
490 1359 684 1425 memoriam
705 1361 878 1427 revocabat
904 1358 1031 1424 Gaenea
1060 1382 1079 1424 a
1099 1356 1254 1447 Neptuno
1276 1373 1310 1425 11

116 1461 225 1550 ipsum
246 1475 278 1527 et
297 1461 573 1529 invulnerabilem
594 1464 717 1528 factum
740 1479 770 1528 et
790 1461 945 1527 efemina
965 1461 1001 1527 in
1021 1485 1146 1527 marem
1167 1484 1310 1551 convers

116 1588 191 1631 sum
211 1577 243 1629 11
264 1562 378 1628 deinde
397 1563 434 1628 in
453 1562 577 1652 proelio
598 1560 838 1630 Centaurorum
857 1589 931 1630 oum
945 1562 1094 1651 Lapithis
1114 1587 1189 1631 cum
1209 1564 1309 1629 arho-

117 1691 193 1734 rum
215 1665 366 1750 congerie
390 1665 524 1730 obrutus
547 1681 646 1747 11111,
675 1666 715 1730 ab
738 1667 851 1732 eodem
873 1668 933 1732 deo
957 1666 993 1731 in
1022 1690 1118 1732 avem
1145 1666 1309 1731 transfor·

57 1849 64 1859 ⁸
117 1784 259 1848 matum3
282 1766 389 1832 addita
411 1758 601 1832 narratione
616 1767 838 1858 Periclymeni
863 1768 974 1834 fratris
1008 1767 1045 1832 in
1070 1765 1213 1852 aquilam
1231 1791 1309 1832 mu·

117 1872 188 1939 1111.
236 1868 407 1956 Neptunus
438 1892 518 1935 1111
551 1868 661 1960 Gygni
691 1886 830 1936 mortem
863 1871 975 1936 dolens
1008 1885 1120 1957 postea
1155 1869 1308 1936 exoravit

117 1972 328 2061 Apollinem,
349 1986 387 2035 ut
406 1971 535 2038 Paridis
556 1972 705 2061 sagittam
731 1973 767 2039 in
788 1971 953 2040 Achillem
974 1974 1132 2056 flecteret,
1166 1995 1229 2059 qua
1250 1971 1308 2038 1111

118 2075 227 2165 periit.
914 2090 916 2094 “

202 2225 279 2292 Lib.
301 2223 399 2292 Χ111.
450 2225 504 2292 De
526 2226 665 2293 Achillis
692 2226 790 2294 ermis
818 2223 910 2319 Ajax
936 2239 967 2291 et
987 2223 1105 2291 Ulixes
1132 2226 1308 2292 contende·

116 2345 211 2413 runt,
235 2345 329 2414 atque
359 2352 433 2392 cum
459 2327 576 2395 Ulixes
605 2354 735 2395 causam
762 2329 911 2414 11111111,
940 2325 1031 2419 Ajax
1058 2350 1093 2392 se
1120 2326 1189 2415 ipse
1217 2329 1308 2394 ferro

117 2432 292 2512 transfixit,
315 2427 406 2521 cujus
425 2431 556 2518 sanguis
576 2431 612 2497 in
637 2432 849 2513 hyacinthum
867 2430 1018 2499 vertitur.
1054 2427 1155 2517 Gapta
1176 2429 1307 2497 tandem

117 2529 222 2621 Troja
244 2529 397 2614 Hecuba,
421 2531 545 2598 Priami
566 2535 652 2621 regis
673 2558 779 2616 uxor,
809 2549 901 2621 capta
932 2549 963 2598 et
990 2532 1025 2597 in
1048 2531 1225 2597 Thraciam
1246 2533 1308 2596 ab·

115 2634 215 2699 'ducta
231 2649 295 2715 est,
317 2633 375 2699 ubi
395 2635 638 2726 Polymestore,
662 2636 717 2722 qui
738 2637 872 2701 unicum
893 2633 963 2724 ejus
985 2658 1031 2698 ex
1048 2650 1094 2699 tot
1114 2633 1225 2699 liberis
1246 2659 1308 2698 su-

117 2736 283 2826 perstitem
308 2736 411 2802 filium
440 2739 615 2804 crudeliter
636 2739 817 2821 occiderat,
843 2752 1015 2802 excaecato
1037 2739 1074 2801 fit
1095 2735 1195 2802 canis.
1225 2734 1307 2826 Ejus

118 2861 229 2904 casum
248 2839 386 2904 cumdii
409 2839 466 2905 alii
490 2864 601 2906 omnes
625 2842 843 2929 deplorarent,
866 2839 1000 2906 Aurora
1021 2839 1085 2904 1111
1107 2840 1198 2904 luctu
1217 2854 1308 2904 tene·

116 2941 225 3023 batur,
242 2939 427 3007 Memnonis
442 2942 565 3007 scilicet
579 2943 650 3026 filii,
671 2941 762 3034 cujus
778 2967 796 3008 1
811 2942 974 3008 cineribus
989 2940 1214 3008 Memnonides
1228 2965 1306 3008 aves

115 3043 318 3132 prodierunt.
362 3045 491 3110 Aeneas
511 3059 618 3109 autem
645 3045 750 3132 patria
777 3046 937 3136 profugus
966 3042 1091 3109 Delum
1118 3043 1158 3108 ad
1180 3043 1307 3110 Anium

113 3144 226 3229 ¹venit,
251 3143 342 3237 cujus
363 3146 450 3211 filiae
468 3147 503 3211 in
526 3147 690 3213 columbas
713 3164 805 3213 erant
834 3168 1029 3229 conversae,
1052 3162 1244 3235 acceptoque
1265 3146 1306 3210 ab

115 3270 155 3312 eo
182 3248 322 3336 poculo,
348 3247 384 3312 in
414 3271 477 3333 quo
506 3248 640 3315 Orionis
671 3249 825 3316 Thebani
852 3248 995 3315 filiarum
1024 3248 1157 3313 historia
1187 3250 1308 3314 caelata

115 3363 204 3431 1111,
230 3372 367 3434 quarum
387 3373 404 3413 e
427 3349 535 3416 cinere
558 3352 621 3418 duo
641 3351 789 3444 juvenes,
813 3350 980 3433 Goronae,
1003 3349 1201 3438 prodierant,
1225 3347 1308 3414 Gre-

115 3464 183 3515 tam
204 3450 368 3539 profectus
391 3467 455 3534 est,
478 3450 564 3518 unde
585 3454 799 3520 Ambraciam
821 3469 852 3519 et
875 3450 1073 3535 Ghaoniam,
1092 3452 1307 3518 transforma-

116 3551 258 3618 tionibus
280 3552 383 3618 claras
402 3570 641 3641 praetervectus
662 3555 698 3620 in
713 3553 862 3623 Siciliam
885 3555 1008 3620 delatus
1033 3569 1091 3636 est,
1113 3554 1171 3618 ubi
1192 3551 1308 3642 Scylla

114 3669 180 3739 est,
202 3679 285 3743 quae
307 3654 386 3720 olim
408 3656 504 3742 virgo
526 3658 605 3740 fuit,
628 3657 681 3723 cui
702 3658 835 3725 Galatea
857 3670 968 3722 narrat
988 3654 1185 3743 Polyphemi
1208 3678 1306 3719 amo—

115 3780 168 3823 res
191 3773 222 3823 et
245 3757 399 3824 miseram
412 3759 538 3844 Acidis,
560 3785 656 3846 quem
678 3774 813 3842 amarat,
835 3773 973 3823 mortem
995 3772 1091 3842 atque
1111 3757 1147 3821 in
1169 3759 1308 3822 fluvium

114 3859 455 3944 transformationem,
493 3885 557 3947 quo
591 3862 679 3927 facto
709 3861 850 3927 Glaucus
880 3857 1013 3950 Scyllae
1049 3883 1161 3925 amore
1196 3874 1307 3947 captus

116 3975 181 4044 111,
205 3959 261 4045 qui
282 3984 386 4049 nuper
406 3963 442 4028 in
464 3964 561 4030 deum
582 3963 746 4031 marinum
772 3977 914 4028 mutatus
936 3976 1016 4027 erat.

200 4108 276 4176 Lib.
298 4110 395 4180 XIV.
439 4113 587 4202 Scyllam
610 4114 721 4198 Girce,
750 4138 834 4201 quae
862 4114 892 4180 ei
914 4113 1030 4182 Glauci
1053 4137 1198 4179 amorem
1219 4113 1308 4180 invi-

115 4213 229 4296 debat,
256 4230 361 4281 mutat
380 4215 417 4281 in
446 4231 641 4282 monstrum.
689 4218 773 4284 Mox
800 4217 913 4284 eadem
939 4217 977 4281 in
1003 4218 1175 4304 scopulum
1203 4231 1310 4282 trans·

113 4315 254 4396 formata
276 4333 334 4384 111.
377 4317 506 4384 Aeneas
529 4334 636 4384 autem
664 4319 701 4385 iu
727 4320 879 4385 Africam
904 4319 1012 4400 111111,
1046 4318 1104 4383 ubi
1130 4343 1149 4384 1
1177 4316 1311 4384 Didone

114 4435 268 4509 exceptus
298 4435 329 4485 et
358 4434 483 4495 amatus
512 4438 571 4490 est.
620 4420 704 4487 Mox
731 4422 846 4489 relicta
877 4418 1094 4507 Carthagine,
1124 4419 1313 4488 Pithecusas
