2864 4890
541 185 546 194 '
640 189 740 241 Llllllll
759 189 814 241 Vll.

212 341 255 407 Ut
277 340 378 407 vitam
402 342 537 408 odissem
560 360 591 408 et
613 367 762 430 cuperem
787 367 861 431 pars
884 368 951 411 esse
973 352 1146 416 meorum?

214 426 290 508 Quo
311 451 345 490 se
366 451 501 512 cumque
523 427 606 492 acies
629 428 800 493 oculorum
822 431 970 511 flexerat,
994 431 1063 495 illic

211 509 340 594 Vulgus
361 529 429 577 erat
451 528 600 594 stratum,
620 512 722 577 veluti
745 537 819 577 cum
840 514 946 614 putria
967 516 1063 581 motis

211 594 314 658 Poma
336 598 454 662 cadunt
475 597 586 677 ramis,
609 597 791 682 agitataque
812 598 886 662 ilice
907 601 1053 683 glandes.

211 679 351 766 Templa
373 682 463 746 vides
484 699 606 760 contra,
630 681 783 764 gradibus
805 683 955 747 sublimia
977 686 1103 772 longis:

210 761 337 850 Jupiter
358 765 413 829 illa
435 781 532 831 tenet.
578 765 659 847 Quis
683 789 749 830 non
771 767 925 832 altaribus
946 768 1013 834 illis

210 845 308 912 irrita
331 866 403 914 tura
426 850 535 914 dedit?
559 849 707 932 Quoties,
729 873 788 936 pro
811 850 949 941 conjuge
970 851 1105 941 conjux,

209 930 277 997 Pro
298 950 375 998 nato
397 934 526 1019 genitor
546 936 622 997 dum
644 936 745 999 verba
767 935 930 1034 precantia
952 937 1041 1018 dicit,

209 1014 286 1082 Nou
308 1018 452 1083 exoratis
474 1018 615 1082 animam
637 1019 743 1083 finivit
764 1043 799 1082 m
820 1019 897 1100 aris,

207 1102 308 1186 lnque
329 1126 429 1166 manu
452 1103 531 1166 turis
552 1127 626 1189 pars
647 1103 848 1167 inconsumta
870 1119 997 1191 reperta
1019 1107 1083 1172 est!

208 1186 344 1250 Admoti
364 1187 486 1271 quoties
508 1187 648 1275 templis,
672 1189 751 1251 dum
769 1204 844 1252 vota
864 1190 1013 1253 sacerdos

212 1268 362 1358 Concipit
381 1287 411 1335 et
431 1272 538 1336 fundit
558 1296 677 1359 purum
699 1272 785 1336 inter
802 1295 922 1336 cornua
944 1273 1074 1355 vinum,

209 1352 307 1418 Haud
332 1372 518 1442 exspectato
541 1357 724 1421 ceciderunt
746 1357 884 1421 vulnere
906 1357 1008 1422 tauri!

209 1438 281 1521 lpse
304 1463 363 1524 ego
385 1464 475 1505 sacra
498 1439 575 1506 Jovi
597 1465 656 1528 pro
675 1465 728 1504 me
749 1440 916 1527 patriaque
936 1441 1103 1527 tribusque

212 1523 296 1588 Cum
318 1526 460 1589 iacerem
481 1525 578 1602 natis,
602 1525 744 1610 mugitus
765 1525 897 1590 victima
921 1526 1008 1590 diros
1106 1581 1113 1593 .

210 1607 331 1689 Edidit,
359 1626 389 1674 et
410 1610 516 1674 subito
538 1611 678 1696 collapsa
705 1610 774 1674 siue
795 1610 912 1674 ictibus
936 1611 1011 1676 ullis

209 1692 341 1776 Exiguo
364 1694 463 1759 tinxit
482 1693 641 1785 subjectos
661 1695 819 1778 sanguine
840 1697 972 1761 cultros.

208 1775 308 1840 Fibra
330 1801 455 1863 quoque
477 1804 574 1865 aegra
595 1795 686 1845 notas
707 1779 779 1844 veri
801 1779 1005 1865 monitusque
1028 1779 1163 1845 deorum
1251 1793 1312 1845 600

208 1860 414 1928 Perdiderat:
437 1864 544 1928 tristes
566 1880 735 1950 penetrant
755 1865 795 1927 ad
817 1864 944 1929 viscera
965 1865 1083 1930 morbi.

206 1946 294 2009 Ante
315 1969 423 2012 sacros
444 1948 513 2012 vidi
533 1947 675 2037 projecta
698 1949 854 2011 cadavera
877 1964 994 2046 postes,

205 2030 293 2093 Ante
314 2030 419 2116 ipsas,
443 2055 505 2115 quo
525 2055 612 2095 mors
634 2033 720 2095 foret
740 2031 952 2110 invidiosior,
974 2052 1059 2094 aras.

207 2110 289 2176 Pars
311 2113 455 2177 animam
475 2115 591 2196 laqueo
614 2114 768 2177 claudunt
788 2113 964 2209 mortisque
986 2113 1138 2176 timorem

206 2194 313 2258 Morte
333 2198 450 2279 fugant
469 2199 619 2280 ultroque
639 2210 755 2260 vocant
776 2194 938 2260 venientta
959 2196 1038 2259 fata.
1229 2256 1233 2261 .
1253 2206 1312 2260 605

113 2318 116 2325 ·
209 2276 358 2363 Corpora
379 2279 476 2342 missa
500 2282 572 2343 neci
593 2279 693 2344 nullis
713 2281 752 2344 de
774 2301 866 2342 more
887 2279 1039 2344 feruntur

154 2445 217 2497 583.
244 2454 276 2497 ut
305 2447 386 2498 uitam
412 2436 524 2514 plerique
546 2452 696 2502 vetustiores
773 2450 834 2501 594.
852 2457 915 2502 uota
928 2449 1078 2516 concipere,
1091 2448 1217 2514 conceptis
1229 2450 1313 2500 verbis

117 2515 331 2577 licius.,l)resd.‚
344 2515 418 2566 Goth.
429 2517 464 2580 l.,
479 2518 569 2582 liban,
579 2521 648 2586 Lips.
659 2521 693 2586 l.,
736 2521 844 2586 precari.
875 2519 937 2569 Tac.
956 2519 1022 2570 llist.
1036 2518 1078 2570 lV.
1100 2535 1122 2569 c.
1138 2517 1180 2569 31.
1195 2518 1313 2583 jurisju-

117 2583 192 2634 Vrat.
208 2592 233 2634 et
245 2591 307 2634 vett.
321 2585 379 2634 edd.
395 2584 492 2652 licliqui
504 2589 535 2639 ui
543 2591 639 2653 uitam
652 2590 695 2640 vix
736 2590 818 2640 randi
826 2589 906 2639 uerba
919 2589 1065 2655 concepere,
1081 2587 1248 2652 jurisjurandi
1261 2588 1313 2639 for-

119 2655 248 2703 commoda
267 2655 400 2704 sententio.
736 2660 827 2708 mulam
839 2657 1009 2723 pronuntiare.
1029 2682 1063 2696 -
1088 2657 1147 2707 596.
1167 2658 1310 2724 tribusque.

155 2722 215 2772 583.
231 2734 550 2792 φατε-6666666666,
565 2741 619 2776 cum
632 2727 695 2777 meis
735 2727 794 2777 Vid.
815 2742 840 2777 v.
859 2724 921 2777 476.
940 2725 1000 2778 477.
1025 2753 1060 2765 -
1090 2726 1151 2776 599.
1170 2728 1310 2791 subiectos,

117 2791 240 2856 periisse,
253 2792 318 2840 idem
330 2807 369 2841 me
382 2798 480 2859 passum
493 2811 549 2845 esse
562 2810 591 2844 ac
603 2811 681 2848 meos.
736 2797 829 2860 gutturi
842 2796 991 2860 suppositos.
1017 2794 1089 2858 Virg.
1104 2794 1135 2845 G.
1151 2794 1199 2859 ΙΙΙ,
1214 2797 1275 2851 492.

155 2859 215 2909 585.
230 2862 339 2927 putria,
353 2869 451 2912 matura
462 2865 602 2915 etcaduca.
629 2865 691 2915 Cod.
804 2866 843 2915 Ac
865 2866 913 2916 oie
932 2864 1066 2932 suppositi
1088 2865 1231 2931 tinguntur
1248 2882 1311 2917 suu-

117 2928 231 2991 1166666,
245 2929 346 2993 berol,
366 2931 473 2995 Drasd,
491 2933 590 2999 plurimi
604 2934 692 2984 lleios.
942 2935 1025 3000 garrire
1037 2933 1125 2983 cultri.

117 3004 144 3046 et
156 2997 213 3047 edd.
228 2996 309 3048 Vcnn.
318 3001 441 3066 putrida.
734 3001 834 3070 exiguo
846 3003 986 3068 sanguine,
1000 3001 1065 3065 quod
1077 3000 1136 3048 moli
1149 3000 1237 3049 ominis
1246 3011 1310 3053 erat.

153 3065 214 3116 586.
232 3065 351 3118 Nonnulli
363 3069 434 3118 codd.
449 3069 513 3134 apud
523 3068 589 3118 Cioi.
601 3069 691 3119 etedd.
735 3070 833 3133 Largus
852 3076 940 3119 contra
963 3069 1065 3130 sanguis
1085 3068 1192 3117 faustum
1205 3068 1311 3129 signnm.

116 3135 200 3186 Venn.
216 3137 416 3204 agiteturque*
735 3138 799 3188 Plio.
815 3138 908 3199 Poncg.
930 3136 963 3198 V,
978 3136 1002 3186 3.
1393 3184 1399 3193 ,

154 3203 217 3254 587.
235 3206 365 3272 gradibus
375 3207 444 3257 subl.
458 3206 555 3272 leugis.
576 3205 650 3255 conf.
660 3204 692 3266 ll,
771 3205 832 3256 666.
844 3205 935 3269 fibra,
954 3205 1019 3253 uude
1032 3209 1243 3264 cognoscerentur
1254 3219 1314 3255 cou-

117 3273 144 3324 1.
187 3270 315 3340 Templum
337 3275 394 3325 Jovi
417 3274 577 3324 Panhellenio
597 3273 695 3322 Aeacus
737 3275 918 3324 silindcocum.
957 3272 1030 3322 Geni.
1045 3271 1103 3334 XV,
1126 3270 1185 3322 136.
1207 3280 1232 3323 et
1251 3274 1309 3325 795.

116 3342 257 3393 dedicarat.
283 3343 389 3394 Pensm.
405 3343 437 3393 ll.
451 3359 474 3392 c.
490 3342 533 3392 36.
551 3368 579 3378 -
597 3341 694 3408 leugis,
773 3342 832 3393 691.
853 3342 954 3404 borel,
968 3341 1022 3392 Pul.
1037 3342 1075 3404 2.,
1096 3339 1158 3391 Nor.
1171 3348 1198 3392 et
1210 3342 1255 3394 Vll
1268 3346 1312 3395 alii

115 3410 218 3473 longam
231 3412 323 3462 walum
337 3410 509 3463 efficientibus.
532 3466 539 3475 ,
736 3410 823 3462 Heius.
840 3411 1006 3479 prodiderut,
1026 3412 1089 3476 quod
1104 3411 1184 3462 minus
1196 3415 1313 3462 convenit

152 3480 215 3530 589.
233 3481 303 3532 Flor.
318 3489 344 3531 et
356 3482 433 3532 Gran.
448 3489 510 3532 turo
523 3477 594 3530 tulit.
736 3487 839 3530 naturae
859 3481 912 3544 rei3
935 3496 991 3531 nam
1005 3480 1115 3548 perdere
1132 3481 1158 3530 b.
1171 3481 1190 3531 Ι.
1211 3489 1251 3530 est
1267 3497 1312 3545 pro

153 3547 214 3599 596.
230 3558 361 3616 pronote.
385 3546 693 3612 Berol.‚l)rcsd.,llhen.,
735 3552 863 3602 amittere.

115 3616 188 3683 Lips.
207 3619 252 3682 2.,
272 3620 423 3670 vetustiores
436 3618 522 3668 lleins.
543 3623 568 3667 et
592 3618 632 3666 ed.
653 3633 691 3683 pr.
770 3620 830 3671 603.
849 3618 899 3668 Alii
917 3618 1100 3668 distinctionem
1117 3622 1174 3680 post
1191 3630 1254 3664 arus
1267 3615 1312 3662 ds-

110 3701 166 3753 pro
182 3695 327 3754 gnate·
352 3688 467 3738 Heinsius
479 3687 554 3736 tacite
567 3686 644 3736 edidit
656 3686 696 3736 di·
734 3688 796 3740 lent.
822 3687 906 3740 Male:
920 3685 1312 3758 nambiduovsrsnsnrcteco'n-

115 3757 170 3819 eir,
188 3755 692 3821 66666666616966.69666666,
730 3757 813 3822 juncti
838 3764 864 3807 ct
888 3755 1002 3818 gradatio
1028 3754 1108 3800 inest:
1136 3756 1198 3798 cute
1220 3765 1311 3801 sueres

116 3831 144 3874 st
168 3827 278 3889 postulat
301 3826 433 3877 sententia.
480 3825 554 3875 Coni.
580 3840 605 3873 v.
631 3824 692 3874 593.
731 3836 830 3895 postes,
846 3831 908 3874 ante
920 3824 1125 3888 ipsasoros.
1149 3816 1204 3867 Jam
1216 3819 1248 3868 ad
1261 3820 1311 3871 alia

113 3892 193 3956 Vulg.
213 3894 298 3957 dixit,
323 3895 371 3945 nisi
387 3893 543 3959 quodSulm.
564 3892 692 3943 etllrssd.
733 3896 825 3945 transit
838 3891 929 3941 oratio.
1037 3952 1065 3965 ..

113 3962 203 4024 judit,
230 3963 304 4013 Cant.
325 3963 475 4014 ctMcuard.
495 3963 601 4026 fundit.
772 3957 982 4018 elibertinum,
1007 3959 1128 4019 spiritum.
1143 3953 1181 4004 lb.
1201 3971 1226 4007 v.
1247 3958 1309 4013 559.

150 4031 212 4082 591.
239 4032 302 4083 Cod.
321 4032 417 4082 Bcrsm.
444 4039 469 4082 et
493 4032 534 4079 ed.
554 4045 593 4094 pr.
612 4026 694 4078 eitum
716 4023 1218 4091 .animaelaqueositoiacluusatuur.
1234 4025 1309 4078 Geni.

111 4099 209 4156 finivit.
225 4128 256 4140 -
293 4103 384 4153 auimo
402 4109 442 4152 est
453 4115 498 4166 pro
510 4098 582 4162 uita,
598 4103 694 4160 utpas·
738 4099 797 4151 liet.
811 4096 844 4157 ΙΙ,
858 4094 919 4147 828.
933 4119 968 4134 -
994 4092 1054 4143 665.
1073 4094 1311 4162 ultroqueuocurrt,

114 4171 172 4219 sin.
734 4168 782 4232 ipsi
801 4165 950 4215 accelerant
968 4162 1021 4213 sive
1039 4173 1184 4223 arcessunt.
1215 4164 1274 4215 Tib.
1289 4165 1309 4227 1,

150 4239 212 4290 593.
230 4239 367 4304 „Quoties
382 4238 458 4290 tauri
472 4236 574 4302 templis
586 4231 693 4297 admeti,
736 4236 782 4300 10,
798 4235 840 4286 33.

113 4308 195 4359 dure.
212 4345 218 4356 .
232 4309 330 4373 einum,
345 4310 492 4359 ceciderunt
502 4307 607 4357 uulnere
618 4302 695 4353 baud
805 4304 871 4374 Quis
877 4304 959 4368 furor
970 4306 1023 4366 est,
1036 4308 1125 4353 otram
1138 4301 1211 4352 bellis
1223 4315 1312 4350 arcese

111 4385 283 4443 exspectato,
303 4379 385 4431 cultri
400 4379 455 4428 ictu
473 4376 692 4428 6666665666-
940 4369 1134 4422 memoriam?
1236 4431 1243 4445 ι

110 4448 177 4497 dun
201 4447 340 4513 accepte.“
387 4447 529 4496 illustretur
559 4445 598 4494 hic
622 4444 691 4492 locus
839 4440 957 4494 immet
971 4437 1172 4491 sttacr'toclorn
1183 4434 1312 4486 oenttilla

109 4514 184 4578 Virs.
199 4514 293 4578 Geors.
308 4514 424 4578 ΙΙΙ,486
437 4528 506 4579 seqq.
937 4507 1014 4574 Μ’·
1056 4569 1098 4631 1⁶
