2864 4890
565 175 575 182 ··
657 159 757 217 ttastt
777 159 823 213 tx.
1256 168 1331 225 m

220 321 330 404 Quam
352 319 432 384 mihi
455 318 622 384 difficilem
643 317 781 386 lunonis
803 316 907 402 gratia
931 317 1018 382 fecit.

219 405 369 490 Namque
391 404 561 470 laboriferi
582 428 656 468 cum
677 402 744 494 jam
765 402 881 467 natalis
903 403 1026 468 adesset
1264 416 1324 470 285

220 489 392 571 Herculis,
415 506 446 555 et
466 489 631 555 decimum
655 503 856 576 premeretur
876 486 982 553 sidere
1003 486 1152 572 signum:

220 576 391 640 Tendebat
415 575 559 660 gravitas
581 590 711 641 uterum
731 573 825 653 mihi,
848 573 996 658 quodque
1018 574 1177 655 ferebam,
1206 631 1209 635 ⁴

220 660 368 725 Tantum
389 676 476 740 erat,
499 675 535 723 ut
558 682 666 746 posses
688 676 854 725 auctorem
876 656 983 723 dicere
1003 658 1078 723 tecti

218 745 378 810 Ponderis
402 768 469 809 esse
490 741 625 823 Jovem;
648 769 708 808 nec
728 741 794 834 jam
815 745 954 808 tolerare
976 743 1104 808 labores

217 828 364 895 Ulterius
386 846 550 916 poteram3
573 828 651 914 quin
675 854 762 894 nunc
783 853 910 915 quoque
932 825 1073 913 frigidus
1092 843 1194 910 artus,
1260 839 1322 893 290

219 913 311 979 Dum
340 917 473 1000 loquor,
504 914 623 979 horror
651 914 778 1064 habet,d
794 936 932 1002 parsque
961 928 1008 979 est
1032 912 1219 979 meminisse

781 998 893 1065 oloris.

218 1081 350 1171 Septem
372 1107 433 1169 ego
455 1107 513 1170 per
534 1099 661 1166 noctes,
682 1083 816 1150 totidem
837 1080 978 1148 cruciata
1001 1082 1126 1164 diebus,

216 1168 314 1234 Fessa
336 1169 429 1234 malis
452 1169 648 1255 tendensque
669 1170 710 1234 ad
732 1171 860 1234 coelum
882 1167 1025 1250 brachia,
1048 1190 1167 1256 magno

216 1254 377 1318 Lucinam
399 1253 560 1338 nixusque
582 1278 676 1341 pares
697 1255 839 1320 clamore
861 1253 1030 1319 vocabam.

217 1337 277 1402 llla
300 1339 429 1423 quidem
451 1338 557 1419 venit,
581 1340 635 1404 sed
659 1355 907 1427 praecorrupta,
929 1361 1102 1424 metimque
1260 1348 1321 1403 295

219 1424 312 1506 Quae
333 1424 455 1488 donare
473 1440 570 1510 caput
586 1423 709 1492 lunoni
729 1426 831 1490 ve‘llet
849 1423 991 1524 iniquae.

106 1512 110 1518 ’
216 1507 324 1592 thue
346 1532 434 1572 meos
456 1509 545 1573 audit
566 1511 720 1595 gemitus,
743 1509 886 1575 subsedit
907 1533 941 1572 tn
962 1507 1020 1572 illa

215 1594 302 1658 Ante
322 1593 410 1658 fores
432 1617 505 1676 ara,
529 1595 707 1682 dextroque
727 1619 746 1661 a
768 1593 889 1685 poplite
910 1595 1042 1658 laevum

165 1802 227 1856 284.
246 1801 395 1871 difficilem,
416 1805 448 1855 ud
461 1822 531 1872 opem
543 1807 602 1860 mihi
620 1808 703 1861 lereu-
745 1808 811 1862 tium
823 1807 940 1860 tricilar.
963 1805 1045 1858 Etiam
1058 1803 1153 1856 Nonius
1166 1819 1209 1854 eos
1222 1804 1322 1869 parien-

128 1872 197 1923 dum.
236 1871 392 1925 Contrarium
399 1877 492 1938 facilia
504 1885 543 1929 est
555 1894 581 1930 ν.
596 1880 655 1932 756.
668 1907 704 1922 -·
745 1880 812 1930 tibus
831 1879 971 1945 praefuisse
989 1876 1076 1927 tradit.
1112 1875 1139 1924 ln
1153 1873 1259 1935 Twisd.‚
1279 1875 1321 1938 qui

128 1942 241 1994 quenis
252 1945 354 2010 gratia.
391 1943 424 1994 V.
438 1946 500 1999 295.
746 1951 874 2014 nixusque
881 1964 963 2015 parce
975 1945 1086 2006 exhibet,
1102 1944 1210 1994 additum
1220 1944 1299 1993 schol.
1311 1960 1318 1992 :

166 2013 226 2065 285.
252 2013 389 2077 laboriferi
412 2014 502 2064 iterum
522 2016 624 2066 labores
647 2016 706 2067 illos
749 2018 822 2069 Neai
838 2025 896 2066 sunt
914 2017 962 2077 dii,
984 2015 1025 2080 qui
1042 2019 1192 2063 connectunt
1210 2013 1322 2063 membru

129 2082 168 2147 (v.
182 2081 216 2134 27
218 2080 256 2145 7.)
271 2082 388 2134 Herculis
401 2083 534 2146 significat.
747 2087 878 2136 mulierum
891 2087 973 2135 solutu
986 2085 1017 2132 ad
1029 2088 1135 2147 partum,
1156 2083 1221 2130 uude
1234 2082 1322 2131 dicuu-

165 2150 227 2204 288.
255 2152 352 2213 sidere,
378 2152 442 2202 sole.
484 2152 557 2202 Geni.
577 2149 623 2212 Vl,
645 2150 706 2201 311.
748 2155 871 2205 turaeai.
898 2153 1036 2218 Nuarque
1044 2165 1125 2216 pares
1137 2157 1196 2199 sunt
1207 2150 1255 2198 duo
1270 2149 1322 2200 lra-

128 2218 510 2282 1V‚too.-‹teetmam.vit.
526 2217 704 2280 invitastis.
747 2231 816 2285 tres,
843 2224 876 2272 dii
889 2229 991 2288 partus,
1011 2221 1077 2272 sicut
1088 2225 1114 2269 et
1126 2217 1248 2269 Lucinae.
1284 2222 1322 2269 Aa

125 2316 163 2329 -
177 2296 354 2353 premeretur.
382 2289 619 2355 Solpremitlcca‚
640 2304 704 2354 qaae
747 2295 880 2360 nimique
900 2308 993 2360 parea,
1031 2289 1097 2355 quod
1121 2288 1241 2338 exhibent
1263 2288 1321 2338 cod.

124 2357 199 2408 subit
211 2363 254 2406 aul
267 2357 372 2407 accedit.
387 2357 457 2421 xw,
466 2359 528 2410 116.
538 2386 566 2396 -
582 2358 705 2422 Gotn.l.‚·
748 2365 856 2426 flerem„
876 2361 981 2424 Graan,
1003 2359 1077 2412 Geta.
1094 2358 1118 2408 1.
1132 2358 1171 2420 2.,
1185 2356 1280 2409 Zwicc.
1296 2365 1323 2408 et

126 2426 212 2487 rna,
228 2425 321 2476 Medic.
336 2427 379 2489 1.,
394 2427 449 2478 Pal.
465 2428 500 2492 1.‚
514 2427 564 2480 XV
578 2429 665 2480 Heius.
680 2435 706 2480 et
747 2435 788 2484 ed.
802 2440 850 2500 pr),
864 2432 935 2482 multi
947 2430 1100 2481 recentiores
1113 2427 1223 2478 editores
1236 2428 1322 2479 edide-

127 2497 171 2546 ad.
185 2511 223 2560 pr.
238 2496 347 2548 decima.
374 2495 516 2563 Perperam.
747 2510 814 2554 runt.
852 2502 901 2552 Sed
921 2517 970 2551 nen
990 2502 1049 2550 deos
1068 2497 1242 2561 intelligendos
1263 2512 1321 2548 esse

163 2564 224 2618 287.
244 2567 377 2617 tendebat.
416 2567 490 2618 Coul.
504 2568 545 2631 X,
565 2568 625 2619 506.
745 2573 904 2623 manifestum
917 2577 957 2621 est
968 2586 983 2620 e
995 2585 1019 2620 ν.
1029 2569 1102 2630 298,
1116 2582 1148 2618 ex
1161 2583 1209 2632 quo
1222 2567 1321 2618 nonnisi

163 2634 223 2689 288.
244 2636 450 2704 tectipouderie.
488 2638 547 2689 Her.
562 2637 610 2701 Vl,
626 2638 685 2692 120.
747 2658 820 2693 unam
840 2642 958 2692 Lucinam
985 2641 1130 2690 advocatam
1150 2637 1323 2688 associato

195 2703 283 2757 Dulce
300 2705 365 2757 milri
384 2707 516 2774 grauidae
531 2712 636 2772 sereret
654 2725 705 2760 au·
747 2727 834 2763 amena
847 2718 959 2779 apparet.
980 2709 1058 2773 igitur
1069 2707 1320 2770 verbaintelligenda

336 2783 394 2826 rtur
412 2793 487 2828 enus·
746 2784 776 2832 de
796 2783 850 2849 pari
869 2782 970 2831 nixuum
990 2795 1102 2830 numero.
1142 2777 1322 2843 scriptitem-⁴

126 2841 199 2894 wli·
237 2842 278 2893 Sic
298 2843 374 2895 Goth·
394 2847 438 2909 2.,
459 2845 556 2910 Rham,
578 2846 648 2913 Lips.
665 2846 701 2909 1.,
746 2853 836 2903 stiores
850 2852 937 2902 Heius.
951 2850 1058 2900 maxima
1071 2864 1102 2898 ex
1115 2855 1202 2914 parte:
1220 2863 1321 2898 amur-

126 2910 217 2974 Vrat.,
236 2913 352 2965 meliores
367 2915 461 2966 Heiusii
475 2925 501 2966 et
513 2918 554 2966 ed¹
568 2932 607 2982 pr.
634 2916 702 2966 Reli·
745 2940 796 2990 pue
803 2939 834 2990 p.
848 2923 888 2971 vel
901 2922 1192 2988 nixusquemeausque
1199 2934 1230 2983 p.
1244 2919 1320 2968 etiam

127 2980 169 3046 qui
187 2982 270 3044 tanti,
303 2999 389 3048 parum
409 2987 512 3049 elegans
531 2987 646 3052 repetitio
662 2995 702 3038 te·
730 2993 849 3048 „linem
866 2992 947 3052 Flam,
968 2989 1025 3039 Par.
1049 2991 1074 3037 1.
1094 2985 1224 3048 etlilium,
1244 3002 1267 3037 c.
1281 2988 1319 3048 gl.

126 3053 308 3118 erumperetur
316 3061 355 3104 est
362 3054 446 3106 iulans
458 3057 484 3106 iu
497 3063 578 3121 utero,
593 3073 614 3107 s.
629 3063 701 3107 utero
745 3063 854 3112 inuade
870 3063 1005 3112 Castorem
1018 3064 1044 3107 et
1058 3056 1198 3106 Pollucem.
1213 3081 1244 3093 ·-
1265 3055 1320 3105 lle⁴

124 3127 217 3170 taetus.
746 3132 795 3181 dic.
812 3131 855 3193 1.‚
875 3130 928 3179 Pal.
943 3129 981 3189 2.,
1004 3125 1074 3190 Lips.
1090 3123 1126 3185 1.,
1152 3123 1247 3173 Twisd.
1266 3125 1320 3174 l.u

160 3189 222 3242 289.
242 3190 432 3257 Cod.Bere1u.,
453 3193 528 3244 Goth.
544 3194 568 3244 1.
583 3194 628 3254 2.,
643 3193 702 3245 Par.
747 3200 772 3250 1.
786 3215 821 3248 m.
836 3206 861 3248 et
873 3199 896 3248 ll
912 3197 998 3246 Heius.
1030 3209 1163 3260 aesosque
1177 3209 1207 3260 p.
1223 3192 1317 3244 Pata.

125 3258 163 3322 l.,
183 3257 263 3311 Rhea.
284 3268 310 3311 et
327 3261 423 3314 Zwicc.
437 3263 500 3326 jam
517 3279 580 3315 aare.
605 3264 701 3313 Bonan.
744 3284 882 3336 meapte
895 3274 996 3334 partus
1021 3265 1066 3314 sed
1085 3279 1151 3314 corr.
1177 3264 1317 3332 nixaeque.

123 3334 151 3379 et
162 3327 256 3380 Medic.
270 3331 395 3383 laborem.
746 3337 815 3389 Unus
835 3337 913 3387 Sulm.
931 3343 957 3385 et
975 3351 1038 3386 nnus
1060 3333 1117 3384 Vut.
1132 3333 1198 3384 ctat.
1220 3335 1256 3386 ad
1271 3351 1317 3386 ur-

158 3397 222 3453 291.
240 3398 333 3451 Medic.
346 3403 391 3465 2.,
416 3399 496 3467 Nuup.
517 3408 544 3451 et
562 3400 623 3452 Urh.
643 3401 704 3453 ier·
745 3423 886 3476 ausquep.
905 3404 1317 3470 Twist.1.,prev.t.2.eeear-

122 3483 168 3518 wr
185 3469 252 3519 adil·
290 3470 348 3522 Vid·
369 3470 519 3522 adv-152·
554 3471 704 3522 Amt0vi·
745 3479 878 3545 quotieas.
917 3475 983 3542 Spir.
1003 3476 1219 3542 unusquepari.
1250 3474 1314 3525 llas.

122 3537 374 3590 melancranim
394 3541 520 3606 loquendi.
558 3540 616 3593 Vid.
631 3541 699 3606 Vlll,
743 3548 808 3599 Dan.
829 3548 915 3599 Heius,
943 3548 980 3599 ad
1002 3546 1077 3597 aieue
1095 3562 1185 3612 parer.
1230 3543 1315 3593 Berol.

121 3605 167 3656 84.
188 3604 252 3670 Vll,
282 3610 342 3660 547.
361 3610 401 3673 X,
421 3610 465 3662 81.
485 3611 555 3661 Fast.
575 3610 612 3675 ll,
638 3612 699 3664 754.
744 3619 780 3670 ad
791 3619 968 3686 usucaperes.
1006 3615 1064 3666 Pur.
1078 3615 1104 3667 2.
1120 3620 1146 3664 el
1158 3611 1247 3676 rellqui
1260 3626 1317 3659 cnut

120 3674 204 3727 aeter
211 3686 321 3743 pectora
337 3681 437 3749 frigus.
455 3707 488 3718 -
505 3697 574 3749 pare
591 3691 631 3734 eet
647 3699 700 3734 rue-
741 3695 804 3739 vett.
823 3690 880 3741 edd.
901 3689 938 3739 ad
954 3702 1035 3739 uoces
1054 3690 1168 3752 partus,
1193 3695 1218 3744 q.
1239 3694 1262 3727 e.
1284 3679 1317 3729 ad
1373 3680 1378 3689 ‘

118 3746 358 3813 maceratura,
386 3751 458 3801 dolor
482 3758 521 3802 est
546 3753 698 3804 meminisse.
740 3766 836 3825 partus,
849 3759 891 3823 qui
899 3755 1100 3806 retinebanturs.
1110 3747 1317 3814 impediebantur.

120 3813 187 3877 xit,
208 3816 269 3869 512.
289 3819 350 3870 513.
776 3828 837 3884 2⁹5·
847 3831 1052 3894 praecorrupta,
1066 3836 1102 3870 sc.
1117 3819 1148 3867 ab
1160 3817 1267 3868 lunone.
1281 3845 1317 3858 -

154 3884 218 3938 294.
243 3886 349 3940 Lucina
374 3905 462 3940 nomen
494 3889 610 3940 Latinum
636 3891 699 3940 deae
741 3914 826 3948 meam
849 3903 948 3960 eaput,
979 3904 1058 3941 meam
1084 3889 1173 3951 vitam,
1199 3888 1315 3939 salutern.

117 3954 363 4019 praudentium-
375 3960 556 4027 nixusparee5
569 3960 696 4026 perierim
742 3966 804 4017 Num
817 3966 916 4015 donare
928 3961 1012 4012 alicui
1022 3966 1105 4027 eaput
1118 3956 1248 4022 alicujus,
1277 3966 1317 4009 est

119 4024 223 4075 ιίιιυω
237 4042 338 4078 nauem
353 4030 455 4079 felicem·
464 4037 561 4095 parturn
575 4029 642 4079 ellici
651 4029 696 4078 ab·
740 4033 847 4098 alicujus
864 4031 1034 4096 graticulam
1048 4045 1078 4079 ac
1090 4030 1195 4079 salutem
1209 4030 1316 4094 alicujus

117 4095 237 4146 aielricus
256 4097 431 4163 opinabantur.
480 4097 539 4149 Vid.
559 4098 697 4160 Boettigeri
741 4103 877 4166 negligere.
893 4102 981 4154 (liar.
996 4127 1028 4138 -
1052 4098 1113 4156 298.
1128 4099 1242 4168 iniquae,
1255 4099 1316 4149 mihi

118 4163 220 4232 llillsyiu
233 4167 295 4217 oder
306 4169 346 4218 die
355 4169 425 4220 llere
432 4169 509 4236 pao.
526 4169 592 4219 llaec
605 4167 660 4218 lah
670 4184 695 4218 n.
743 4175 832 4223 iratae.

115 4233 168 4284 atii
183 4233 270 4287 Nissos
280 4244 324 4288 nul
344 4238 441 4290 Niaiar
459 4239 582 4304 puerperii
602 4237 699 4304 praesi-
774 4241 836 4296 297,
859 4243 910 4306 „in
924 4243 972 4293 itia
986 4240 1082 4309 (quam)
1096 4239 1315 4303 anteferamus·-

116 4304 164 4353 dea
178 4304 257 4355 luisse
269 4308 372 4371 volunt,
387 4310 520 4360 enitendo
533 4310 623 4359 dictos.
649 4307 669 4358 F
671 4323 699 4357 o·
740 4313 789 4379 nis)
803 4316 888 4365 ara.“
909 4344 928 4351 -
942 4312 1004 4367 298.
1020 4306 1172 4378 scripturam
1186 4326 1204 4359 a
1212 4310 1315 4376 poplite

114 4380 189 4423 ater:
211 4373 291 4428 Nixtt
300 4379 341 4429 dii
350 4380 403 4431 tria
421 4381 503 4447 sigua
522 4381 698 4447 appellantur
740 4390 842 4434 tuentur
853 4382 1041 4435 PriscianVll.
1055 4399 1079 4433 e.
1095 4381 1136 4431 18.
1150 4379 1207 4441 87.,
1221 4378 1313 4436 ilion,

114 4443 145 4495 ’ἢ
160 4443 294 4511 Capitolio
306 4456 370 4500 aule
382 4451 474 4500 cellum
487 4449 634 4514 Mineruae,
647 4466 695 4518 ge·
741 4453 775 4504 Vl
790 4454 876 4506 Heius.
896 4462 923 4505 et
942 4453 984 4504 ed.
1005 4469 1043 4518 pr.
1066 4478 1095 4489 -
1127 4449 1190 4499 Cod.
1204 4448 1313 4506 Bursam,

111 4514 196 4566 ailae
207 4516 292 4582 niae,
310 4519 382 4575 aaut
396 4519 572 4588 praesidentes
587 4520 694 4588 pericu·
737 4524 839 4591 derel,
865 4525 981 4586 dread,
1007 4521 1148 4651 Galilaia
1175 4516 1243 4580 Lips.
1268 4515 1312 4576 ¹·r
