2864 4890
470 163 797 227 sstmoseuosuou
826 164 955 221 SEMES.
1232 164 1306 219 XXV
1336 158 1341 169 “

111 304 447 410 Hermaphroditoet
466 317 650 389 Salmacide
671 319 707 385 in
727 344 831 386 unum
862 343 979 409 corpus
1007 318 1178 386 concretis.
1207 317 1306 406 'Quo

111 426 203 493 facto
221 424 389 514 Minyades
413 423 503 512 ipsae
523 424 559 490 in
580 422 826 510 vespertiliones
849 439 880 489 et
906 423 989 489 telae
1013 446 1127 488 earum
1146 421 1183 487 in
1203 420 1305 488 vitem

115 528 369 602 transformatae
389 541 477 592 sunt.
520 527 595 612 Qua
616 549 750 591 recum
772 524 832 593 lno
853 526 1048 607 laetaretur,
1070 519 1178 603 Juno,
1199 536 1232 587 et
1250 523 1312 589 in·-

115 629 232 699 vldens
253 644 285 694 et
306 628 493 715 indignata,
521 627 656 693 Furiam
676 627 706 692 ei
729 644 760 693 et
780 626 972 694 Athamanti
994 623 1127 714 conjugi
1146 622 1304 708 immittit,
1417 700 1419 709 Ι

114 729 206 820 cujus
227 753 356 798 veneno
379 732 475 797 ambo
497 730 537 796 ad
557 731 704 795 furorem
726 730 878 796 concitati
898 742 985 811 sunt,
1006 726 1041 794 in
1062 750 1126 812 quo
1145 726 1306 793 Athamas

112 832 299 900 Learchum
320 833 426 898 filium
446 834 575 899 leonem
595 855 663 897 esse
684 847 801 919 putans
825 832 942 898 misere
965 828 1091 912 occidit,
1113 827 1173 894 lnc
1197 844 1307 895 autem

114 959 192 1003 cum
212 934 379 1001 Melicerta
400 933 468 998 filio
489 933 526 999 in
546 958 637 1000 mare
665 934 835 1022 prosiluit,
864 948 896 1000 et
923 934 1038 1016 ambo,
1065 932 1135 1022 ipsa
1156 946 1188 996 et
1205 931 1305 1016 filius,

114 1035 247 1103 Venere
277 1036 495 1102 intercedente
526 1035 606 1100 facti
635 1052 710 1100 sunt
739 1036 784 1101 dii
805 1036 937 1102 marini.
987 1035 1080 1120 Quos
1106 1058 1183 1099 oum
1203 1032 1306 1100 comi·

116 1153 165 1205 tes
187 1135 342 1207 Sidoniae
359 1161 421 1225 pro
442 1137 582 1203 mortuis
604 1138 792 1226 deplorant,
819 1139 904 1204 aliae
932 1138 968 1203 in
994 1160 1132 1220 saxum,
1161 1135 1244 1201 aliae
1269 1135 1307 1201 in

113 1241 266 1308 volucres
282 1249 465 1305 mutantur.
511 1237 672 1322 Cadmus,
703 1239 812 1306 multis
835 1240 1070 1305 calamitatibus
1100 1254 1206 1304 motus
1226 1237 1306 1304 reli·

113 1342 176 1409 ctis
195 1340 320 1409 Thebis
340 1341 375 1406 in
397 1340 545 1431 illyriam
568 1365 643 1407 cum
669 1366 777 1408 uxore
798 1343 962 1430 prolectas
990 1356 1056 1425 est,
1084 1340 1143 1406 ubi
1172 1355 1307 1426 uterque

113 1442 259 1510 formam
280 1444 476 1531 anguineam
498 1445 632 1533 accepit.
676 1441 775 1511 Solus
803 1438 905 1532 igitur
926 1445 966 1510 de
985 1442 1107 1509 Bacchi
1128 1456 1306 1509 contemto·

114 1545 210 1613 ribus
230 1543 368 1612 restabat
388 1547 555 1631 Acrisius,
579 1545 671 1637 cujus
691 1570 813 1635 nepos,
834 1546 985 1628 Perseus,
1008 1543 1172 1632 Gorgonis
1189 1541 1306 1609 Medu-

115 1671 194 1732 sae,
216 1673 297 1737 quae
319 1672 379 1737 pro
402 1648 545 1715 crinibus
567 1673 689 1735 angues
711 1649 850 1715 babebat
874 1647 1021 1736 (mutatis
1053 1646 1132 1713 olim
1153 1645 1306 1734 pulcher·
1375 1732 1378 1741 Χ

115 1748 211 1816 rimis
233 1751 356 1840 capillis
378 1748 447 1838 ejns
474 1751 509 1816 in
538 1752 693 1818 dracones
720 1751 792 1817 sive
819 1750 966 1837 angues)
994 1764 1089 1838 caput
1114 1745 1307 1836 amputavit,

117 1875 137 1918 e
159 1851 251 1944 cnjus
271 1854 368 1942 guttis
389 1853 424 1918 in
446 1870 568 1920 terram
588 1855 687 1942 lapsis
709 1877 831 1941 angues
853 1853 920 1919 nati
941 1869 1035 1936 sunt,
1059 1867 1089 1918 et
1111 1873 1172 1938 ope
1191 1847 1308 1914 Medu-

115 1954 186 2020 saei
208 1957 317 2044 capitis
336 1957 503 2022 Atlantem
526 1957 561 2023 in
585 1972 729 2022 montem
752 1957 929 2038 convertit,
962 1971 1057 2041 atque
1084 1954 1161 2020 inde
1181 1950 1308 2039 dignes·

115 2080 173 2122 sus
200 2058 446 2124 Andromedam
478 2074 623 2124 monstro
658 2057 786 2123 marino
823 2057 1005 2145 expositam
1040 2058 1192 2122 liberavit
1228 2055 1309 2141 (qua

117 2158 287 2227 occasione
329 2159 445 2246 virgae
474 2159 511 2223 in
555 2159 678 2223 curalia
719 2158 938 2243 conversae),
993 2181 1126 2243 eamque
1169 2178 1310 2221 uxorem

117 2260 228 2328 duxit.

206 2459 285 2525 Lib.
308 2457 352 2525 V.
396 2457 434 2524 ln
456 2458 576 2546 nuptiis
597 2457 666 2550 ejus
689 2484 762 2553 cum
782 2460 927 2527 Phineus
948 2483 1101 2549 sponsam
1119 2459 1311 2543 vindicaret,

120 2579 193 2629 orto
214 2562 302 2626 inter
317 2560 496 2627 Centauros
517 2585 555 2627 ac
568 2561 724 2650 Lapithas
746 2564 887 2628 tumultu
901 2561 1188 2649 cruentissimaque
1202 2562 1312 2644 caede,

120 2665 286 2732 Phineum
317 2688 391 2730 oum
418 2664 531 2730 multis
563 2660 708 2731 suorum
728 2666 858 2730 obtento
885 2665 1040 2731 Medusae
1066 2665 1170 2752 capite
1196 2685 1313 2730 saxeos

119 2767 276 2850 reddidit,
300 2789 391 2841 mox¹
409 2767 507 2832 etiam
533 2766 691 2832 Proetum
725 2767 826 2854 patris
854 2768 991 2833 fratrem
1027 2783 1059 2832 et
1090 2767 1313 2856 Polydectem.

120 2868 215 2936 ‘rum
236 2868 364 2951 Pallas,
384 2892 466 2954 qnae
486 2870 640 2934 hactenus
660 2867 773 2934 Persei
797 2893 904 2936 comes
926 2871 1051 2952 fuerat,
1073 2893 1112 2934 eo
1133 2869 1259 2950 relicto,
1278 2865 1315 2930 in

119 2969 316 3038 Heliconem
343 2970 427 3053 abit,
460 2987 496 3037 ut
524 2969 755 3059 Hippocrenen
789 2973 933 3059 ungulae
961 2972 1028 3037 ictu
1055 2969 1172 3055 Pegasi
1209 2983 1314 3035 ortam

120 3071 284 3161 inspiciat.
324 3071 376 3138 lbi
397 3073 510 3139 Musae
531 3073 563 3139 ei
587 3088 740 3155 narrant,
770 3074 934 3158 quomodo
955 3074 1069 3138 sumtis
1091 3072 1151 3137 alis
1172 3067 1316 3160 Pyrenei

122 3174 196 3243 vim
217 3173 408 3261 effugerint,
431 3173 547 3239 deinde
569 3174 608 3239 de
630 3173 815 3263 Pieridibus
845 3175 880 3239 in
903 3175 991 3262 picas
1014 3171 1197 3255 conversis,
1226 3185 1316 3258 post·

124 3300 224 3364 quam
245 3292 355 3343 11111111
378 3276 555 3343 certamine
576 3277 724 3340 instituto
750 3275 897 3342 Pierides
926 3277 1084 3344 denariis
1117 3276 1253 3342 deorum
1280 3270 1317 3336 in

124 3379 277 3445 animalia
294 3375 645 3459 transformationibns,
662 3377 750 3464 ipsae
765 3374 828 3444 alia
843 3379 987 3446 carmina
1002 3379 1210 3446 cecinissent:
1235 3397 1317 3462 quae

128 3480 275 3545 carmina
304 3480 440 3547 Pallade
467 3495 604 3567 rogante
634 3477 782 3568 Calliope
816 3482 931 3569 repetit
960 3482 1126 3568 canitque,
1155 3477 1317 3567 quomodo

126 3580 359 3671 Proserpinam
386 3581 486 3648 Pluto
513 3581 659 3671 rapuerit
688 3597 719 3647 et
747 3580 861 3674 Cyane
879 3586 1055 3676 nympha,
1085 3608 1161 3674 cum
1195 3572 1321 3665 raptori

127 3683 316 3768 obstitisset,
338 3684 519 3751 insontem
538 3700 660 3750 mutata
674 3683 735 3767 sit3
769 3682 921 3752 Cererem
943 3702 1071 3768 autem,
1099 3703 1198 3772 porro
1221 3674 1319 3758 canit,

128 3808 202 3851 cnm
223 3787 327 3852 filiam
346 3786 498 3853 amissam
519 3800 704 3875 quaereret,
731 3810 870 3876 puerum
891 3810 1063 3877 procacem
1081 3783 1118 3849 in
1137 3779 1320 3850 stellionem

127 3887 280 3971 vertisse,
304 3903 421 3978 etpost
440 3890 556 3977 longos
577 3912 704 3955 errores
727 3914 802 3954 cum
826 3890 956 3954 tandem
988 3885 1141 3976 aGyane
1161 3882 1264 3951 filiam
1284 3881 1321 3946 in

127 3985 243 4055 Sicilia
265 4005 393 4079 raptam
413 4015 481 4058 esse
503 3991 693 4079 accepisset,
715 3991 763 4057 ibi
782 4012 895 4055 omnes
915 3991 1026 4076 fruges
1046 4005 1076 4055 et
1097 4012 1191 4077 agros
1214 3987 1317 4052 deva·

127 4107 246 4174 stasse3
274 4117 349 4158 cum
363 4117 443 4159 vero
466 4094 582 4159 deinde
604 4118 647 4159 ex
661 4090 845 4180 Alpheiade
865 4090 936 4158 sive
951 4093 1114 4159 Arethusa
1129 4088 1320 4167 audivisset,

127 4216 146 4259 a
175 4195 236 4260 deo
263 4195 446 4262 inferorum
468 4195 571 4261 liliam
599 4218 667 4260 esse
687 4209 832 4282 raptam,
868 4196 1109 4284 Ascalaphum,
1142 4193 1198 4280 qui
1219 4188 1321 4255 liliam

126 4292 249 4386 jejunia
269 4297 409 4364 solvisse
430 4299 636 4387 prodiderat,
670 4297 711 4384 ab
734 4319 771 4361 ea
791 4297 827 4363 in
855 4299 1019 4383 bubonem
1049 4312 1211 4363 mutatum
1233 4311 1320 4357 esse:

127 4399 289 4484 quemad
318 4402 453 4469 modum
481 4399 635 4484 Sirenes,
666 4398 884 4491 Proserpinae
910 4400 1034 4482 sociae,
1064 4400 1120 4466 sed
1146 4396 1237 4462 nulla
1265 4408 1324 4459 sua
