2864 4890
530 159 871 216 PRAEFATIO.
1261 160 1298 216 xt

110 312 186 381 121.
208 311 429 381 Berolinensis
449 337 478 381 s.
507 313 721 380 bibliothecae
745 313 856 401 regiae
886 312 1105 381 Berolinensis
1133 313 1297 380 membra·

111 440 245 500 necans,
273 417 310 483 in
336 419 398 483 fol.
424 418 510 503 quod
536 431 656 483 vocant
686 418 743 483 vel
768 417 875 483 forma
910 416 1055 483 maxima
1082 439 1158 482 cnm
1185 415 1297 481 multis

110 520 314 606 syllabarum
337 520 552 608 compendiis,
574 517 695 584 saeculi
720 535 757 584 ut
777 519 906 585 videtur
927 518 1007 584 ΧΠ.
1036 520 1091 585 vel
1115 515 1214 583 Xlll.
1257 515 1298 583 ln

111 622 221 686 fronte
240 623 352 705 babet,
374 622 430 708 qui
450 620 573 686 domini
599 644 674 686 eum
695 620 845 708 deinceps
876 621 1092 708 possederint,
1120 620 1208 685 unde
1237 642 1297 708 ap·

113 738 205 811 paret
231 748 306 789 eum
334 747 403 789 esse
433 722 575 788 codicem
605 723 732 810 origine
766 721 895 788 ltalum.
948 722 1026 787 Vid.
1054 722 1159 810 praef.
1192 720 1297 787 Trist.

112 849 146 912 p.
169 824 270 891 XlX.
294 841 326 891 et
344 823 471 912 Bathea
493 824 665 891 Vindiciae
688 824 891 907 Ovidianae,
913 825 983 913 sive
1001 822 1240 891 Annotationes
1260 821 1297 888 iu

113 925 230 993 Ovidii
252 928 463 1010 Metam.,'in
485 927 601 1012 quibus
620 941 830 991 recensentur
857 927 1011 992 lectiones
1041 927 1113 991 cod.
1140 948 1203 991 ms.
1231 923 1298 990 Be·

114 1029 178 1094 rol.
221 1030 392 1095 Accedunt
412 1027 440 1095 l.
464 1027 511 1094 H.
533 1028 630 1094 Voss.
652 1029 806 1094 lectiones
828 1043 860 1093 et
882 1045 989 1094 notae.
1034 1026 1298 1114 Getfing.1818.
1340 1092 1343 1099 ,

113 1130 368 1197 -122-’-12θ.
390 1146 570 1216 sequuntur
589 1128 623 1195 V
650 1131 795 1214 codices,
822 1155 962 1217 quorum
984 1129 1092 1218 copias
1113 1153 1221 1216 nuper
1240 1127 1300 1194 ad·

111 1227 190 1318 jecit
205 1229 313 1316 Jahn,
336 1232 392 1319 qui
414 1247 489 1298 sunt
509 1231 784 1314 Zwiceaviensis,
814 1233 940 1298 alibro
962 1230 1056 1298 Vlll.
1078 1233 1209 1297 demum
1228 1231 1300 1296 fera

114 1331 223 1399 medio
247 1358 266 1400 a
285 1334 393 1403 Jabno
412 1334 447 1400 in
464 1357 563 1399 usum
582 1350 736 1416 vocatus;
755 1332 1029 1400 Vratislavienses
1050 1332 1098 1415 ll,
1120 1356 1138 1398 e
1158 1355 1301 1419 quornm

111 1436 255 1502 secundo
282 1452 408 1503 tantum
434 1438 499 1501 duo
526 1437 708 1525 specimina
738 1437 914 1502 lectionum
942 1436 978 1501 in
1006 1438 1032 1502 l.
1060 1434 1122 1502 Vl.
1151 1450 1184 1501 et
1208 1432 1301 1502 Vlll.

112 1535 187 1602 data
207 1554 299 1620 aunt;
321 1540 506 1628 Lipsienses
525 1540 602 1620 duo,
625 1562 645 1603 a
664 1537 770 1606 Jahno
787 1536 977 1605 Senatorius
1000 1538 1032 1604 1.
1055 1552 1087 1603 et
1108 1534 1299 1603 Senator-ius

112 1637 146 1702 2.
168 1640 331 1727 appellati.
375 1642 475 1707 Prior
493 1643 777 1722 membranaceus,
809 1641 870 1706 fol.
898 1641 1002 1722 min.,
1030 1639 1146 1727 incipit
1174 1638 1301 1704 alibro

113 1736 157 1804 ll.
180 1757 212 1806 ct
232 1743 347 1809 desinit
368 1743 457 1826 Xll,
487 1744 561 1809 288.
605 1741 713 1811 Jabno
742 1743 880 1830 scriptus
908 1742 1039 1808 videtur
1067 1741 1197 1806 saeculo
1217 1738 1301 1807 XV.
1322 1821 1332 1832 ·

112 1839 290 1930 Lipsiensis
312 1846 395 1912 alter
419 1845 539 1934 etipse
559 1847 845 1927 membranaceus,
868 1845 929 1910 sol.
952 1844 1057 1925 med.,
1081 1840 1225 1933 ejusdem
1245 1840 1301 1908 ae·

114 1945 187 2010 tatis
208 1969 246 2012 ac
264 1948 400 2035 originis
421 1948 472 2036 (l)
496 1948 637 2014 videtur.
688 1946 758 2013 llos
788 1947 868 2012 duos
896 1947 989 2012 codd.
1019 1969 1079 2011 suo
1105 1969 1198 2011 more
1225 1943 1302 2009 dili·

112 2047 297 2131 gcntissime
328 2065 360 2115 et
387 2050 627 2117 accuratissime
663 2049 806 2115 excussit
826 2047 924 2117 Jabn.
968 2051 1042 2114 127.
1071 2049 1147 2112 128.
1195 2045 1302 2133 Frag-

112 2164 221 2215 menta
243 2150 473 2217 Confluentina
494 2152 578 2232 duo,
600 2153 720 2216 collata
742 2175 760 2216 a
781 2151 822 2216 F.
844 2151 888 2218 N.
904 2151 1027 2232 Klein,
1050 2173 1189 2235 quorum
1212 2149 1303 2237 prius

112 2249 259 2315 continet
278 2250 313 2332 l,
337 2252 530 2316 191-281.
551 2249 618 2332 lll,
640 2238 835 2333 33-128.,
864 2253 1002 2318 alterum
1022 2252 1074 2334 V,
1096 2251 1303 2317 433-522.

112 2350 193 2415 129.
221 2352 294 2417 130.
329 2349 525 2438 Fragmenta
560 2376 633 2417 mea
666 2353 749 2434 duo,
783 2376 922 2439 quorum
957 2355 1047 2443 prius
1081 2368 1304 2441 pervetustum

112 2473 211 2534 sane,
240 2453 369 2519 videtur
399 2453 486 2518 enim
515 2477 583 2519 csse
610 2478 695 2519 saec.
723 2454 791 2538 X.,
824 2456 966 2523 continet
992 2455 1076 2538 Vll,
1105 2452 1303 2521 tet-448.

112 2553 272 2638 alterum,
295 2556 381 2641 quod
404 2555 523 2622 saeculi
543 2554 625 2622 Xll.
648 2557 780 2622 videtur
799 2581 884 2641 esse,
909 2559 954 2641 V,
978 2557 1168 2624 574-675.
1189 2571 1220 2623 ct
1240 2553 1302 2638 Vl,

114 2654 243 2722 1-55.
277 2656 468 2722 131-144.
483 2656 601 2723 Paucis
617 2658 696 2723 locis
715 2660 891 2724 laudantur
906 2660 1196 2750 Guelferbytanus,
1211 2657 1304 2723 Lon·
1347 2674 1351 2678 ·

112 2757 262 2840 &banus
286 2774 317 2825 et
329 2758 609 2846 Petropolitanus,
625 2760 828 2827 Monacensis
849 2778 882 2828 et
902 2763 1101 2844 Wittianus‚
1123 2758 1306 2826 Constantii

113 2855 270 2926 llanensis
290 2863 371 2943 duo,
398 2861 524 2928 Gifanii
546 2885 624 2944 sex,
652 2861 847 2950 Matiangeli
869 2865 1021 2931 Accursii
1047 2865 1124 2930 duo.
1167 2859 1305 2928 Accedit

116 2960 169 3024 ed.
185 2959 318 3028 Iuntina
334 2986 365 3029 a.
382 2964 484 3045 1522,
507 2962 583 3029 inde
603 2988 621 3029 a
648 2965 741 3048 LX,
769 2967 842 3032 158.
858 2967 1013 3050 adbibita,
1036 2968 1069 3032 in
1088 2988 1150 3051 qua
1166 2961 1305 3030 Carolus

117 3058 277 3131 Vitianus
291 3067 354 3130 boc
372 3089 504 3131 carmen
526 3090 544 3130 e
566 3067 714 3154 pluribus
733 3068 896 3134 codicibus
911 3069 1110 3135 Florentinis
1130 3064 1305 3146 recensuit,

118 3186 294 3252 eorumque
318 3166 440 3252 aliquot
475 3167 628 3234 lectiones
660 3169 696 3233 in
733 3169 996 3254 castigationibus
1026 3170 1093 3236 suis
1122 3167 1305 3248 annotavit,

118 3262 204 3330 inter
223 3292 304 3353 quos
325 3268 617 3356 praestantissimus
640 3285 688 3334 est
706 3271 830 3355 Angeli
849 3272 1017 3340 Politiani.
1054 3271 1226 3340 Accedunt
1245 3293 1307 3336 va·

118 3365 186 3432 riae
211 3372 391 3458 scripturae
427 3369 720 3437 vetustissimarum
744 3373 943 3460 editionum,
982 3376 1159 3461 dequibus
1186 3387 1306 3462 'repeto

120 3469 203 3550 quod
238 3472 387 3559 pluribus
417 3472 555 3560 exposui
585 3473 621 3538 in
654 3474 766 3541 Praef.
804 3476 907 3544 Trist.
945 3505 977 3568 p.
1015 3477 1171 3560 XXlX.,
1213 3498 1300 3540 non·

117 3568 182 3634 nisi
205 3572 361 3640 editiones
383 3575 503 3639 saeculi
523 3574 605 3641 XV.
631 3578 775 3662 aliquam
801 3583 969 3648 vetustatis
998 3581 1222 3647 auctoritatem
1245 3578 1307 3640 ba·

118 3672 197 3737 bere
224 3698 329 3760 neque
354 3677 428 3741 illas
456 3700 568 3764 parem
596 3702 724 3762 omnes,
762 3682 818 3746 sed
852 3682 992 3749 Venetas
1029 3685 1064 3747 in
1101 3676 1308 3766 gravioribus

115 3775 213 3842 rebus
235 3778 425 3865 plerumque
440 3779 620 3845 consentire
643 3781 728 3870 (vid.
744 3799 813 3850 not.
836 3785 875 3850 ad
892 3784 957 3866 lX,
978 3782 1096 3868 211.)‚
1117 3778 1308 3846 Bononien-

106 3898 206 3960 sem,
230 3903 350 3964 quasa
372 3881 612 3966 reliquisillins
639 3885 760 3950 saeculi
789 3885 984 3951 editionibus
1013 3886 1109 3952 valde
1135 3884 1307 3970 discrepat,

118 3978 311 4046 varietatem
331 3981 455 4073 majore
478 4008 522 4050 ex
542 3972 632 4072 parte
653 4011 671 4051 a
694 3985 882 4051 recensione
908 4002 939 4054 et
957 3989 1180 4056 emendatione
1200 3985 1309 4052 Fran·

119 4079 200 4146 cisci
224 4082 398 4149 Puteolani
425 4085 561 4165 babere;
590 4087 738 4152 omnium
763 4103 871 4155 autem
892 4092 1202 4179 praestantissimam
1225 4109 1305 4167 esse,

118 4183 208 4248 unde
230 4183 385 4252 Heinsius
405 4211 532 4272 quoqne
552 4187 709 4275 plurimas
727 4213 801 4256 suas
818 4194 1057 4259 emendationes
1078 4190 1211 4272 sumsit,
1235 4187 1306 4253 edi·

118 4284 246 4351 tionem
265 4288 458 4377 principem,
481 4313 562 4375 quae
583 4287 709 4357 Romae
727 4293 763 4358 in
785 4296 892 4360 lucem
913 4295 1034 4383 prodiit
1054 4317 1141 4359 anno
1164 4291 1262 4356 1471.

202 4388 258 4456 De
278 4392 442 4458 codicibus
463 4383 518 4460 Ν.
530 4391 660 4459 Heinsii
680 4410 713 4461 et
734 4394 865 4462 Giofani
886 4398 1019 4482 quinam
1040 4387 1307 4486 praestantissimi

782 4588 831 4683 ᾇ
