2864 4890
661 151 762 202 blatta
780 150 836 202 Vll.

231 299 473 386 Crincurretque
495 325 572 366 suae
593 303 704 387 segeti,
728 304 843 368 tellu're
865 304 980 369 creatis
1293 317 1333 372 30

227 384 400 465 Hostibus3
423 402 479 450 aut
501 387 597 451 avido
619 388 747 453 dabitur
766 390 835 452 fera
856 391 975 474 praeda
999 388 1143 454 draconi.

226 469 298 535 Hoc
321 495 382 554 ego
403 470 430 534 si
453 472 574 557 patiar,
597 488 666 536 tum
688 497 740 536 me
762 474 801 537 de
820 473 936 556 tigride
959 487 1078 553 natam,

225 554 314 618 Tum
336 556 460 618 ferrum
484 572 514 620 et
532 558 681 642 scopulos
702 573 827 642 gestare
849 558 884 621 in
904 559 1001 621 corde
1023 557 1162 623 fatebor.

226 635 293 702 Cur
316 663 381 702 non
404 655 468 703 ets
493 657 561 704 ecto
581 660 781 726 pereuntem,
805 643 978 726 oculosque
999 640 1140 707 videndo

225 720 442 789 Conscelero'l
467 665 535 789 bur
556 749 622 790 uon
644 742 753 791 tauros
776 729 932 791 exhortor
954 725 989 789 iu
1010 725 1105 790 illum
1288 742 1326 795 35

223 806 487 893 Terrigenasque
510 809 596 872 feros
618 808 857 896 insopitumque
880 811 1076 875 draconem?

222 889 271 954 Di
292 892 429 956 meliora
450 893 572 958 velint!
596 893 790 978 Quanquam
812 919 877 959 non
901 894 960 958 ista
984 895 1155 980 precanda,

222 973 286 1040 Sed
309 976 458 1040 facienda
479 977 570 1041 mibi.
590 990 626 1026 —'
650 978 836 1043 Prodamne
859 1002 919 1064 ego
940 1002 1040 1063 regna
1063 982 1217 1065 parentis,

219 1063 329 1145 Atque
352 1085 413 1147 ope
435 1061 544 1126 nescio
566 1061 636 1147 quis
658 1064 842 1128 servabitur
863 1064 989 1128 advena
1011 1078 1134 1146 nostra,

222 1143 279 1225 Ut,
303 1169 364 1232 per
385 1171 437 1211 me
458 1170 580 1246 sospes,
601 1148 671 1212 siue
692 1172 744 1211 me
767 1150 818 1212 det
839 1148 937 1213 lintea
960 1147 1078 1227 ventis,
1287 1162 1327 1219 lo

221 1226 347 1314 Virque
365 1230 406 1295 sit
428 1233 571 1310 alterius,
596 1256 719 1317 poenae
740 1231 853 1297 Medea
874 1231 1065 1316 relinquar?

221 1310 259 1376 Si
283 1317 390 1378 l'acere
412 1317 473 1380 hoc
492 1316 632 1380 aliamve
651 1332 754 1404 potest
776 1339 974 1405 praeponere
996 1315 1102 1398 nobis,

222 1398 358 1463 Occidet
377 1400 541 1485 ingratus!
565 1398 629 1465 Sed
653 1419 719 1466 non
740 1401 768 1466 is
787 1404 896 1467 vultus
916 1400 950 1465 in
971 1400 1041 1481 illo,

221 1480 296 1546 Non
320 1506 356 1547 ea
378 1486 529 1549 nobilitas
551 1485 659 1551 animo
684 1502 741 1566 eet,
764 1511 801 1550 ea
822 1487 927 1569 gratia
948 1485 1087 1566 formae,

221 1564 266 1630 Ut
289 1566 418 1632 timeam
439 1570 589 1634 fraudem
610 1570 780 1655 meritique
802 1570 923 1634 oblivia
945 1569 1060 1634 nostri.
1284 1581 1322 1637 15

219 1649 261 1714 Et
282 1652 369 1717 dabit
393 1671 465 1720 ante
483 1656 591 1734 fidem,
611 1679 787 1739 cogamque
809 1655 843 1719 iu
864 1655 996 1720 foedera
1019 1667 1113 1718 testes

216 1734 294 1800 Esse
318 1738 404 1802 deos.
449 1739 536 1823 Quid
556 1755 623 1804 tuta
646 1742 760 1805 times?
782 1739 975 1824 Accingere,
999 1754 1030 1803 et
1049 1761 1179 1803 omnem

215 1819 308 1884 Pelle
329 1846 472 1889 moram:
496 1825 553 1888 tibi
575 1849 609 1888 se
631 1849 758 1910 semper
777 1824 904 1889 debebit
927 1821 1035 1902 lason,

216 1905 267 1969 Te
289 1907 358 1970 lace
377 1907 514 1973 solemni
534 1907 647 1997 junget
667 1909 742 1989 sibi,
766 1933 886 1995 perque
907 1907 1060 1993 Pelasgas

215 1986 388 2055 Servatrix
406 1994 502 2056 urbes
523 2009 663 2058 matrum
685 1994 889 2057 celebrabere
911 1994 1017 2056 turba.
1041 2026 1081 2042 α
1281 2004 1320 2058 50

213 2071 303 2160 Ergo
325 2099 383 2159 ego
404 2101 594 2160 germanam
611 2077 809 2160 fratremque
836 2092 1022 2160 patremque
1044 2075 1183 2158 deosque

147 2203 160 2223 .
213 2155 257 2221 Et
279 2161 385 2221 natale
407 2160 524 2240 solum,
546 2160 653 2222 ventis
671 2160 789 2237 ablata,
813 2157 1019 2240 relinquam?

213 2240 341 2326 Nempe
360 2258 451 2328 pater
470 2265 597 2323 saevus,
620 2266 737 2328 nempe
759 2257 805 2306 est
825 2265 897 2305 mea
920 2241 1057 2305 barbara
1078 2241 1187 2322 tellus,

213 2322 331 2388 Frater
351 2327 455 2390 adbuc
475 2326 601 2407 infans,
625 2342 709 2392 stant
731 2350 859 2390 mecum
879 2340 954 2391 vota
977 2324 1110 2406 sororis,

215 2406 380 2474 Maximus
401 2411 485 2474 intra
508 2436 560 2475 me
582 2412 736 2476 deusest.
780 2409 857 2477 Nou
879 2433 996 2494 magna
1018 2409 1218 2493 relinquam3
1279 2421 1317 2473 55

212 2491 333 2578 Magna
356 2519 491 2580 sequar:
514 2496 643 2560 titulum
661 2511 807 2562 servatae
827 2494 922 2583 pubis
942 2493 1090 2558 Achivae

163 2698 206 2748 30.
225 2706 370 2761 concurret,
385 2713 421 2749 sc.
436 2700 541 2764 proelio.
555 2728 589 2742 -
605 2701 644 2752 Ad
656 2701 701 2751 illa
779 2698 821 2749 tl.
842 2700 951 2764 Dresd,
972 2700 1022 2752 Ox.
1042 2706 1069 2750 et
1085 2698 1122 2769 lV
1135 2699 1221 2751 Heius.
1235 2704 1317 2754 mobi-

124 2784 195 2818 enue
219 2769 336 2835 -ecgeti
356 2768 487 2827 eoublll,
504 2769 563 2820 110.
591 2799 608 2807 -
636 2772 698 2821 Cod.
742 2768 816 2820 litos.

125 2837 242 2898 Remu„
263 2837 338 2887 Gotb.
361 2837 383 2888 l.
404 2839 448 2900 2.,
470 2837 567 2902 Rhea,
588 2841 657 2906 Lips.
674 2840 699 2890 l.
777 2838 820 2888 40.
828 2837 1201 2903 fidemse.coujugii.V.lll.-
1209 2841 1316 2904 foedus,

124 2906 170 2966 2.,
192 2905 281 2968 Vrut.‚
303 2907 399 2972 plurimi
420 2907 505 2958 Heius.
520 2916 544 2958 et
564 2917 626 2960 vett.
641 2911 699 2959 edd.
741 2914 849 2973 paetum.
879 2906 920 2968 X,
941 2907 1001 2957 500.
1024 2933 1057 2944 -
1092 2907 1261 2970 insedere,
1284 2912 1317 2960 ad

125 2975 241 3042 negetis,
262 2992 324 3040 quae
344 2976 475 3026 durissima
492 2983 518 3027 et
536 2979 578 3030 vix
596 2980 700 3030 ferenda
772 2977 815 3026 47.
830 2975 1305 3043 accingere,parate.Vidudlll,156

126 3045 208 3094 aratio
220 3052 268 3094 eet.
744 3044 856 3095 loedere.

161 3113 208 3164 31.
222 3116 298 3178 sera,
312 3113 445 3163 horrenda.
778 3114 822 3164 48.
842 3113 956 3164 redebet
968 3109 1047 3161 nlterd
1064 3110 1095 3171 is,
1116 3109 1156 3173 qui
1177 3111 1270 3162 latetur
1288 3130 1316 3164 se

162 3182 207 3235 32.
227 3190 281 3233 uem
293 3183 494 3250 medete'grc'de.
526 3182 564 3232 De
582 3183 644 3231 duro
657 3183 702 3232 bo·
743 3183 848 3231 salutem
863 3195 933 3230 suam
947 3179 970 3238 ei
985 3178 1086 3230 debere.
1113 3178 1238 3248 Gicrig.

123 3251 193 3302 niue
214 3252 329 3316 frequens
347 3254 411 3317 apud
423 3259 510 3317 poetas
523 3252 612 3300 oratio.
640 3251 700 3301 Vid.
778 3251 822 3299 10.
841 3254 909 3309 tuce.
942 3247 1039 3312 Sponsa
1056 3248 1316 3317 vesperisnbsplen·

124 3321 180 3383 tx,
203 3320 262 3372 013.
294 3320 368 3382 Vlll,
392 3321 450 3374 121.
472 3326 497 3370 et
515 3327 567 3369 not.
588 3320 619 3369 ad
638 3320 699 3370 ller.
743 3318 802 3367 dore
822 3318 903 3369 lacum
921 3317 1025 3367 solemni
1044 3318 1116 3367 modo
1136 3319 1313 3373 deducebatur.

122 3389 191 3451 Vll,
205 3390 248 3441 37.
263 3396 289 3439 et
300 3391 332 3439 ad
343 3389 422 3440 Trist.
437 3389 464 3450 l,
478 3388 504 3450 8,
519 3388 562 3438 37.
742 3386 815 3437 Conl.
831 3386 875 3448 lV,
890 3386 948 3437 758.
963 3393 989 3436 et
1000 3386 1051 3449 Vl,
1066 3386 1125 3438 430.
1145 3415 1178 3426 ·-
1205 3391 1316 3462 Pelasgi

159 3459 205 3511 35.
224 3460 383 3521 conecclero,
404 3459 508 3508 sceleris
521 3461 647 3521 compotes
661 3455 700 3505 la·
741 3457 901 3526 antiquissimi
910 3457 1006 3514 incolae
1015 3455 1146 3521 Graeciae,
1159 3461 1314 3529 undeapoe-

121 3527 173 3578 cio.
189 3553 223 3565 -
241 3528 377 3593 exhortor,
390 3528 495 3590 instigo,
510 3534 635 3576 nostrum:
656 3525 698 3576 iclt
739 3526 772 3576 tis
786 3526 876 3577 Graeci
889 3527 934 3577 boc
947 3527 1044 3576 nornine
1057 3529 1222 3594 appellantur.

121 3596 207 3650 laetu.
238 3596 426 3661 viu.x‚536.
448 3595 695 3658 etconl.lll,242.
776 3596 818 3647 50.
838 3606 951 3648 matrum
970 3597 1065 3661 turbo,
1091 3613 1127 3646 sc.
1150 3597 1180 3645 ob
1199 3604 1313 3646 seruatos

159 3664 204 3717 37.
224 3667 255 3717 di
269 3669 328 3717 mel.
347 3667 426 3718 uelint
452 3665 558 3715 lonuulu
576 3680 697 3715 avertun—
740 3680 786 3730 ope
797 3664 901 3717 Medeae
915 3666 989 3715 lilios.
1008 3694 1040 3704 -
1066 3665 1109 3714 51.
1128 3680 1261 3729 germana
1275 3671 1314 3712 est

120 3735 206 3785 caudi.
231 3735 300 3785 Alibi
311 3738 342 3786 dt
350 3737 421 3802 bene,
434 3737 465 3786 dt
473 3735 574 3801 melius,
587 3736 621 3785 al.
637 3734 694 3785 Vid.
739 3735 882 3801 Chalciope,
893 3739 982 3798 frater
994 3733 1128 3798 Absyrtus.
1155 3731 1219 3796 llpg.
1229 3732 1257 3780 F.
1267 3731 1310 3784 21.

119 3811 176 3855 aot.
191 3804 222 3854 tul
235 3802 313 3854 Trist.
328 3805 353 3868 l,
368 3806 399 3867 2,
414 3805 457 3855 ll.
774 3806 816 3856 53.
836 3820 926 3872 nempe
947 3799 1117 3850 confirmantis
1140 3804 1200 3861 est,
1225 3800 1261 3850 sic
1285 3809 1313 3852 ut

156 3873 201 3925 38.
216 3874 371 3939 produmae.
397 3873 466 3937 Vir,
480 3872 538 3924 Par.
550 3873 574 3924 1.
589 3873 696 3923 etmulti
738 3874 770 3923 nd
782 3888 854 3937 quern
867 3883 988 3920 conversa
1007 3866 1087 3915 oratio
1107 3872 1160 3928 est,
1181 3883 1233 3919 retu
1252 3887 1312 3922 eon-

117 3942 209 3994 lleius.
219 3945 374 4010 perdamne.
402 3943 451 3993 Sed
464 3944 539 3993 etiam
550 3943 696 4008 prodcmne
738 3943 828 3991 cedere
842 3938 997 4000 significetur
1007 3941 1051 3984 ont
1063 3943 1229 4001 exspectetur.
1251 3941 1309 3994 Vid.

115 4012 233 4062 continet
250 4013 374 4063 notionem
389 4013 518 4078 perdendi.
556 4011 617 4060 Her.
634 4010 693 4073 Xll‚
739 4016 791 4059 not.
806 4008 837 4057 nd
850 4005 928 4057 Trist.
945 4004 986 4066 lll,
1001 4006 1033 4068 4,
1048 4003 1091 4059 23.

116 4080 181 4132 703.
196 4083 283 4132 eudem
295 4081 400 4133 Medea:
772 4077 816 4126 55.
834 4076 964 4125 meadum
981 4075 1056 4140 deor,
1075 4074 1152 4127 Amor
1168 4095 1189 4130 e.
1204 4080 1308 4146 Cupido,

192 4150 319 4203 Proditus
332 4159 371 4202 eet
381 4151 507 4219 genitor:
523 4161 635 4212 reguum
643 4161 696 4211 pa·
738 4151 764 4195 et
775 4145 909 4211 respondet
920 4145 957 4194 illi
969 4145 1079 4214 deosque
1091 4161 1116 4197 v.
1132 4149 1174 4199 51.

328 4221 458 4290 triumque
469 4216 572 4285 reliqui.
774 4214 816 4265 50.
831 4215 911 4281 pubis
933 4216 1048 4266 Achivae
1060 4254 1068 4281 ,
1093 4216 1308 4280 Argonautarum:

114 4287 223 4339 Scilicet
247 4305 391 4356 responsum
416 4295 472 4338 erat
495 4287 612 4348 Aeetae,
639 4299 695 4334 enm
738 4297 794 4333 uam
806 4285 920 4336 Achivos
939 4286 963 4336 b.
978 4286 997 4337 l.
1011 4293 1050 4336 eat
1065 4301 1109 4352 pro
1129 4287 1260 4354 Graecus,
1277 4289 1308 4337 ab

112 4365 296 4422 regnaturum,
317 4359 432 4424 quamdiu
449 4356 529 4406 vellus
542 4369 644 4404 aureum
657 4360 696 4403 te·
737 4352 831 4404 Achaia
855 4353 976 4406 Graeciae
1000 4356 1112 4418 regione.
1138 4383 1171 4394 -
1201 4372 1307 4422 sequar,

112 4434 197 4478 neret.
226 4455 259 4466 -
284 4422 490 4496 ego-nostru,
515 4424 606 4491 passim
629 4424 695 4490 apud
736 4439 881 4490 persequer.
913 4425 967 4476 Cic.
983 4423 1033 4475 Off.
1046 4424 1067 4474 1.
1082 4438 1105 4472 c.
1120 4423 1163 4473 31.
1177 4439 1225 4474 nee
1235 4425 1309 4490 quic-

108 4494 241 4548 Na'eoaeiu
253 4493 328 4549 obvia
340 4494 432 4548 oratio.
446 4488 587 4556 Conb'Vl,
601 4493 662 4548 352.
737 4492 818 4561 quatu
828 4487 920 4562 tiqui,
938 4493 1010 4560 quod
1021 4507 1079 4542 aare
1121 4493 1261 4556 'nequem
1275 4512 1311 4528 -ι

1028 4557 1070 4620 14
