2864 4890
638 144 739 199 bllillll
756 145 789 202 11.

201 304 323 371 Pluma
344 314 424 384 erat,
445 300 545 388 inque
564 315 670 368 cutem
690 301 815 369 radices
836 317 946 390 egerat
966 302 1061 371 imas.

200 389 365 475 Plangere
386 385 472 451 nuda
495 387 575 452 meis
598 388 740 453 conabar
760 402 890 475 pectora
916 388 1050 474 palmis:

202 472 268 540 Sed
291 496 395 557 neque
415 468 482 561 jam
503 472 627 560 palmas
648 495 708 537 nec
726 487 857 621 pectora
879 474 966 538 nuda
988 473 1154 559 gerebam.
1249 486 1309 541 585

205 556 403 624 currebam:
426 580 498 638 nec,
520 572 557 622 ut
577 572 664 638 ante,
685 581 727 644 pe
750 581 783 622 ea
803 557 963 623 retinebat
984 580 1095 641 crena,

203 641 269 708 Sed
289 664 416 707 summa
437 641 574 706 tollebar
593 642 712 723 bumo;
734 664 816 707 mox
835 657 904 707 acta
950 666 985 707 er
1005 666 1101 709 auras

204 726 350 807 Evehor,
376 740 406 790 et
428 725 501 791 data
519 748 594 791 sum
615 749 722 793 comes
743 725 833 791 incul
856 743 907 792 ata
965 728 1108 796 inervae.

203 811 291 893 Quid
312 826 422 874 umen
442 810 505 875 hoc
525 811 665 896 prodest,
688 811 716 877 si
737 811 810 876 diro
831 751 916 877 iacta
935 810 1079 878 volucria

204 895 350 964 Crimine
370 891 566 982 Nyctimene
587 910 696 962 nostro
716 895 868 962 successit
888 895 1031 962 honorii
1248 908 1310 962 590

202 983 270 1062 An,
294 1002 375 1065 quac
396 1003 455 1066 per
475 994 576 1044 totam
596 1003 647 1045 rea
669 995 716 1046 eat
737 978 904 1046 notissima
926 980 1070 1063 Lesbon,

202 1065 280 1133 Non
303 1062 410 1129 audita
432 1062 493 1129 tibi
514 1077 579 1130 est:
626 1063 745 1130 atrium
766 1081 938 1131 temerasse
960 1064 1067 1131 cubile

203 1149 443 1238 Nyctimenen?
487 1147 571 1215 Avis
590 1089 649 1214 illa
669 1148 819 1235 quidem3
840 1151 895 1215 556
918 1149 1047 1216 conscia
1068 1149 1184 1240 culpae

205 1233 421 1321 Conspectum
440 1232 609 1318 lucemque
630 1232 728 1335 fugit,
750 1234 952 1320 tenebrisque
970 1235 1131 1322 pudorem

206 1318 308 1399 Celet,
331 1333 363 1383 et
383 1341 402 1382 a
422 1318 544 1384 cunctis
564 1319 740 1406 expellitur
761 1319 890 1402 aethere
908 1322 1014 1385 toto.“
1249 1330 1309 1386 595

204 1403 302 1470 Talia
326 1402 443 1468 dicenti
465 1403 598 1485 „Tibi“
621 1403 666 1470 ait
688 1403 948 1485 „revocamina“
968 1425 1086 1472 corvus

205 1487 306 1570 „Sint
319 1511 435 1575 precor
448 1486 509 1553 ista
523 1489 630 1570 malo;
652 1511 711 1554 nos
726 1512 850 1555 vanum
863 1485 1044 1578 spernimus
1059 1490 1195 1557 omen.“

204 1573 274 1640 Nec
296 1586 444 1660 coeptum
466 1571 596 1639 dimittit
616 1574 690 1655 iter,
714 1573 909 1660 dominoque
936 1570 1091 1640 ’acentem

205 1657 288 1725 (ium
308 1656 427 1746 juvene
448 1655 630 1725 Haemonio
650 1657 769 1725 vidisse
791 1597 956 1726 cononicis
976 1674 1100 1727 namet.

204 1743 331 1808 Laurea
352 1742 480 1831 delapsa
503 1744 680 1810 ostendito
702 1743 837 1810 crimine
859 1742 1009 1825 amantia,
1248 1755 1310 1807 600

204 1826 246 1892 Et
263 1826 385 1915 pariter
404 1829 578 1929 vultusque
599 1829 659 1895 deo
677 1831 900 1918 plectrumque
922 1829 1075 1929 colorque

203 1911 352 1993 Excidit3
374 1926 472 1997 utque
493 1936 619 1980 animus
640 1913 764 1979 tumida
783 1914 932 1980 fervebat
953 1913 994 1978 ab
1014 1936 1077 1995 ura,

202 1997 307 2062 Arma
330 2011 453 2061 assueta
474 1997 557 2085 rapit
577 2001 764 2084 flexumque
785 2021 805 2063 a
826 1997 979 2064 cornibus
1001 2019 1114 2062 arcum

202 2078 336 2162 Tendit,
360 2096 391 2147 et
409 2080 467 2145 illa
484 2104 543 2147 suo
563 2082 657 2147 toties
677 2107 752 2148 cum
774 2099 901 2169 pectore
919 2079 1030 2172 juncta

202 2164 385 2231 indevitato
406 2161 533 2250 trajecit
555 2180 684 2251 pectora
703 2166 782 2230 telo.
1247 2175 1307 2230 605

203 2248 272 2313 1515
290 2248 382 2313 ,65611
401 2245 570 2332 gemitum,
594 2262 758 2335 tractoque
780 2272 798 2313 a
818 2249 957 2315 vulnere
976 2248 1066 2314 ferro

205 2329 352 2396 Candida
372 2329 510 2419 puniceo
526 2331 671 2420 perfudit
693 2334 839 2399 membra
861 2355 990 2417 cruore,

151 2487 214 2540 583.
228 2485 332 2538 radicet
344 2493 445 2555 egerat,
458 2492 486 2537 ut
495 2486 539 2551 lV,
552 2488 614 2544 255.
630 2488 697 2540 Con·
738 2489 796 2542 Viti.
811 2490 843 2541 56
855 2488 900 2554 Vl,
916 2488 974 2541 601.
989 2495 1016 2539 51
1027 2488 1059 2540 56
1070 2487 1141 2552 XIV,
1155 2488 1215 2542 371.
1244 2490 1310 2542 Con-

115 2558 292 2609 6555515555
305 2573 355 2607 scr.
368 2557 446 2621 Abu,
466 2557 561 2622 Bcrol.,
581 2559 651 2625 Lips.
665 2560 692 2614 2.
733 2559 906 2626 jungendum:
931 2560 1027 2611 laureo
1039 2559 1164 2626 55155115,
1177 2567 1206 2611 51
1217 2561 1310 2627 liquido

117 2627 231 2677 etmulti
251 2641 264 2676 e
288 2626 433 2676 melioribus
452 2625 556 2678 Heinsii.
595 2627 694 2695 Reliqui
736 2636 839 2696 apparet
856 2645 871 2681 c
888 2635 1016 2681 contextu.
1054 2629 1311 2687 05511612.-

111 2696 228 2760 fimat,
247 2697 312 2760 quod
325 2696 349 2745 in
362 2697 409 2745 lac
422 2711 449 2745 re
461 2695 572 2748 insoleus
592 2705 646 2762 est,
668 2705 694 2749 et
735 2699 859 2761 Lauren,
884 2714 940 2749 utun
963 2698 1052 2765 Apollo
1077 2714 1176 2765 semper
1198 2699 1310 2751 laureum

111 2763 201 2832 figure
212 2763 280 2815 Naso
291 2765 434 2831 plerumque
447 2781 539 2830 ponere
558 2767 624 2818 solet
637 2783 692 2819 cnut
735 2769 859 2831 gestabat.
885 2768 906 2832 1,
927 2768 986 2819 550.
1025 2767 1088 2819 eoo.
1107 2768 1215 2833 lienem,
1238 2769 1309 2837 Lips.

119 2833 248 2886 inctobl.
270 2862 301 2875 -
322 2834 381 2884 584,
401 2832 475 2885 5565
504 2836 596 2886 556515
613 2836 693 2903 ruptis
736 2836 1308 2901 1.2.,Vrat.,Jnu.‚Voss.,Leitl.etGron.

118 2902 246 2965 vestibus,
271 2910 300 2953 ut
322 2902 413 2969 passim
432 2903 458 2952 iu
475 2871 514 2954 lu
532 2905 692 2958 carminibus.
736 2907 857 2975 delapsu.
872 2933 904 2945 -
925 2906 985 2957 601.
995 2907 1188 2975 plectrumque.
1204 2908 1311 2977 Vicini

119 2971 163 3035 IV,
179 2971 239 3022 500.
253 2971 321 3035 Vlll,
336 2971 396 3027 527.
410 2971 445 3036 Χ,
461 2969 520 3028 722.
535 2973 595 3025 386.
620 2975 692 3042 Lips.
736 2975 832 3040 1,441.
848 2975 947 3027 51518.
966 3003 1000 3016 -
1026 2976 1312 3047 reinceptum-umque

118 3042 156 3106 2.,
171 3041 252 3103 Fluu,
266 3038 345 3107 Ncnp.
360 3048 386 3092 et
398 3042 473 3092 Bern.
487 3050 607 3111 tangere.
735 3045 841 3097 5555611.
880 3043 921 3094 (11.
937 3042 997 3094 506.
1012 3044 1072 3098 312.
1087 3050 1113 3093 51
1131 3045 1174 3108 lV,
1195 3046 1255 3099 175.
1274 3075 1311 3089 -

153 3110 215 3162 586.
235 3118 267 3162 ut
278 3117 350 3164 unte.
371 3110 430 3162 Vitl.
443 3126 469 3163 ν.
484 3111 544 3163 577.
560 3112 633 3164 Coni.
644 3112 692 3178 Xl,
742 3114 838 3166 Volua
850 3112 947 3163 excidit
958 3111 991 3176 ei,
1011 3111 1083 3175 cujus
1095 3113 1179 3163 vultus
1191 3114 1272 3165 subito
1285 3118 1311 3166 in

120 3178 180 3231 556.
200 3178 261 3231 331.
280 3207 313 3220 ·-
333 3179 393 3231 587.
414 3179 476 3230 056.
490 3180 600 3246 Beuum,
621 3181 692 3249 Lips.
736 3184 863 3233 tristitiam
876 3187 994 3231 mutatur.
1033 3181 1190 3233 Contrarium
1203 3186 1312 3237 ostrul-

118 3248 155 3314 2.,
170 3247 193 3299 11
206 3247 281 3299 Leto.
295 3247 411 3315 ethnp.
426 3249 494 3302 5115.
736 3259 794 3304 tum
804 3248 996 3317 recipcreFast.
1011 3248 1055 3315 lV,
1071 3249 1130 3303 615.

151 3317 215 3369 580.
237 3318 411 3384 0516155555
429 3325 478 3371 etc.
515 3316 642 3368 Transitio
662 3318 694 3368 56
773 3319 832 3375 602.
845 3318 1042 3373 tumida—ob
1055 3321 1105 3373 ira.
1122 3320 1202 3389 Supra
1213 3339 1238 3376 v.
1247 3324 1308 3378 508.

118 3386 363 3438 unnalormutionem
386 3386 557 3456 Nyctimenes.
606 3385 695 3454 Nycti-
736 3390 864 3443 intumuit
875 3389 954 3441 Juno.
987 3388 1061 3443 Cani.
1075 3391 1143 3455 Vlll‚
1157 3391 1218 3448 137.
1237 3394 1310 3462 Xlll,

118 3462 287 3507 uersantem
300 3456 449 3524 initllpopei
460 3456 539 3507 Lesbi
550 3456 618 3520 regis
630 3456 692 3508 lilio.
737 3460 797 3511 550.
823 3458 942 3512 Nonnulli
954 3458 1049 3510 Heinsii
1061 3462 1151 3515 nimia.

118 3524 183 3594 1153.
197 3525 228 3576 F.
242 3525 304 3580 201.
318 3527 416 3582 51253.
773 3527 832 3582 603.
853 3546 930 3581 urmn
948 3537 1058 3583 5555515
1071 3561 1104 3572 -
1117 3549 1218 3585 mcum.
1250 3533 1309 3586 106.

151 3594 214 3645 500.
240 3595 347 3647 Rursus
372 3596 429 3647 ulio
453 3594 626 3664 adspergitur
644 3598 695 3659 su·
737 3598 1312 3667 561411.05511555651555151555555-

118 3663 380 3730 balmedbrooiter.
406 3664 439 3717 V.
455 3664 610 3716 501-505.
636 3665 695 3734 Np·
737 3670 785 3732 tis3
811 3670 876 3735 quod
893 3669 1106 3730 55165551651),
1125 3667 1222 3730 lierol„
1248 3684 1313 3720 unua

119 3735 228 3786 etiams
234 3734 295 3798 suit
304 3735 369 3799 fllia
381 3736 425 3785 vol
434 3734 463 3786 Ε
481 3733 542 3802 opti
556 3735 628 3802 regit
645 3734 695 3786 155-
737 3738 840 3803 Medic„
855 3739 896 3789 56.
909 3755 948 3804 pr.
962 3745 988 3788 51
999 3752 1085 3798 margo
1098 3737 1194 3786 Bersm.
1214 3734 1312 3803 Reliqui

117 3803 247 3868 aliorum,
267 3805 307 3854 551
320 3803 424 3872 Nyctei.
457 3751 563 3856 015555
583 3821 600 3854 5
614 3812 696 3872 putre
737 3809 819 3877 rupit,
832 3808 897 3874 quod
909 3806 1042 3870 genuinum
1054 3803 1162 3855 vitietur.
1192 3807 1312 3860 Acumi-

119 3889 300 3940 mpnssom,
319 3872 472 3925 nMinetnn
489 3880 621 3925 mutatam
639 3892 696 3927 ctae
737 3879 801 3944 655,
826 3875 907 3942 quood
930 3888 1034 3923 cornuu.
1055 3901 1086 3910 -
1118 3872 1177 3927 001.
1201 3884 1312 3945 pectora

118 3943 146 3994 ia
162 3950 305 4007 55515555,
327 3959 396 4010 quae
410 3943 521 4010 pudoris
540 3959 638 3994 cuneta
655 3945 695 3996 iu-
733 3948 852 4013 15565515
863 3942 955 4009 possim
968 3942 999 3991 de
1012 3941 1176 4008 amplexibus.

117 4012 203 4065 tradita
215 4013 315 4079 151551,
327 4013 417 4066 scribit
428 4012 494 4081 Hyg.
509 4011 539 4064 F.
554 4012 615 4066 aot.
631 4014 692 4068 253.
774 4014 834 4065 605.
855 4012 1006 4065 indevitato.
1022 4011 1095 4065 Cnnl.
1111 4013 1131 4080 l,
1145 4015 1206 4070 280.
1220 4026 1247 4071 51
1257 4021 1310 4074 vid.

118 4080 206 4133 iiior.
737 4090 790 4135 not.
805 4082 837 4132 ud
849 4080 926 4133 Trisl.
942 4082 961 4147 l,
977 4082 1002 4145 5,
1015 4082 1059 4139 28.

150 4151 212 4206 502.
227 4158 360 4216 temerare,
371 4149 469 4201 incestu
478 4148 600 4216 polluere.
617 4147 691 4201 Conl.
770 4151 829 4202 600.
851 4151 957 4217 liniant„
973 4152 1047 4204 Goth.
1064 4152 1100 4217 1.,
1115 4151 1206 4220 libem,
1230 4156 1308 4208 Gron.

116 4215 174 4283 XV,
189 4219 250 4271 501.
270 4248 305 4260 -
325 4219 384 4270 500.
404 4235 464 4272 cum
483 4218 628 4270 Haemonio
643 4219 693 4281 ja-
735 4228 761 4271 et
772 4220 843 4272 multi
855 4220 942 4274 licina.
957 4241 975 4275 5
982 4230 1098 4292 pectore.
1127 4223 1229 4290 Aliquot
1242 4225 1309 4279 Cios.

116 4304 187 4341 5555.
206 4288 267 4342 Vid.
281 4289 313 4339 56
324 4303 349 4340 v.
364 4289 425 4340 531.
450 4287 514 4340 Ν55ι
528 4288 692 4342 Harmonice
735 4291 842 4343 etmulti
855 4291 941 4344 lisine.
957 4311 976 4345 u
989 4309 1104 4360 corpore,
1118 4307 1151 4342 ex
1162 4293 1263 4356 glossis.

117 4364 155 4408 cst
166 4356 314 4410 Tlcsulus.
341 4357 361 4422 l,
376 4358 436 4409 588.
769 4358 828 4413 607.
848 4360 968 4413 Nonnulli
991 4362 1063 4414 5566.
1085 4362 1221 4428 poeniceo.
1260 4361 1311 4414 Sed

151 4427 211 4480 tao.
225 4426 353 4481 muntia.
368 4426 455 4479 Pali.
470 4427 566 4480 lleinaii
579 4436 605 4480 51
613 4429 688 4481 Goth.
731 4427 857 4483 Nasonem
868 4431 979 4501 antiquis
991 4431 1081 4485 ternu
1091 4445 1200 4499 perraro
1210 4431 1254 4482 uu
1262 4445 1325 4482 san-

119 4494 144 4547 1.
157 4497 271 4564 nanu,
284 4498 351 4566 quot
362 4503 457 4549 unere
470 4498 684 4555 ediditllciuaiua.
728 4501 836 4574 poian
852 4502 1012 4560 uotltvintus.
1050 4498 1347 4569 Gotlu.2.m*·b·u
