2864 4890
517 190 622 247 ovlott
640 188 948 247 nutmournoses

218 348 287 432 Qui
308 348 415 412 fuerat
436 344 559 427 dulcis,
582 344 703 410 salibus
722 344 859 412 vitiatur
881 343 1023 413 amaris?

219 432 387 500 Fluctibus
409 430 549 496 ambitae
569 430 702 495 fuerant
721 431 856 496 Antissa
878 431 1070 516 Pharosque

222 518 266 583 Et
285 515 465 582 Phoenissa
487 515 618 602 Tyros:
640 539 778 600 quarum
801 539 889 579 nunc
909 516 1015 580 insula
1040 515 1134 580 nulla
1154 531 1216 581 est.

219 602 370 667 Leucada
393 599 581 664 continuam
600 614 726 665 veteres

748 600 889 664 habuere
909 599 1036 680 coloni3

220 685 319 751 Nunc
341 686 424 749 freta
445 684 622 748 circuiunt.
666 684 790 750 Zancle
812 707 939 769 qnoque
959 682 1070 774 juncta
1090 683 1197 749 fuisse
1272 694 1327 748 290

220 769 354 835 Dicitur
373 767 504 848 ltaliae,
529 769 631 832 donec
652 769 791 834 confinia
813 784 930 855 pontus

222 854 369 920 Abstulit
389 868 420 918 et
440 852 546 917 media
567 854 718 918 tellurem
738 853 858 942 repulit
878 853 977 918 unda.

220 936 258 1003 Si
280 959 415 1023 quaeras
435 935 575 1001 Helicen
595 952 626 1002 et
646 937 771 1020 Burin,
793 938 958 1002 Achaidas
979 937 1095 1016 urbes3

223 1021 376 1088 invenies
397 1023 457 1086 sub
479 1021 587 1107 aquis,
612 1035 643 1086 et
666 1022 771 1086 adhuc
794 1022 960 1087 ostendere
983 1036 1103 1086 nautae

222 1104 381 1171 inclinata
402 1107 506 1172 solent
527 1130 602 1171 cum
622 1105 790 1171 moenibus
811 1107 928 1193 oppida
950 1105 1074 1170 mersis.

1273 1110 1326 1167 295

221 1191 280 1255 Est
300 1214 402 1278 prope
423 1189 585 1256 Pittheam
606 1191 749 1255 tumulus
774 1191 947 1256 Troezena
966 1190 1037 1255 sine
1058 1188 1138 1255 ullis

220 1276 355 1339 Arduus
376 1274 564 1356 arboribus,
583 1276 745 1359 quondam
766 1275 954 1362 planissima
977 1275 1083 1361 campi

222 1361 330 1439 Area,
349 1383 437 1424 nunc
459 1360 618 1424 tumulus:
640 1383 716 1424 nam
731 1395 746 1411 ·

762 1383 814 1423 res
836 1360 998 1424 horrenda
1018 1361 1128 1426 relatu
1141 1395 1187 1410 ·-

223 1442 283 1507 Vis
306 1444 377 1507 fera
399 1459 591 1525 ventorum,
614 1444 715 1508 caecis
735 1444 860 1508 inclusa
882 1443 1042 1525 cavernis,

221 1526 401 1614 Exspirare
422 1529 530 1627 aliqua
551 1527 699 1615 cupiens,
722 1530 904 1614 luctataque
925 1529 1047 1594 frustra

145 1624 149 1631 “
221 1611 394 1675 Liberiora
416 1612 484 1675 frui
507 1613 614 1693 coelo,
638 1619 862 1677 cum'carcere
883 1613 967 1677 rima

222 1693 324 1760 Nulla
345 1696 431 1760 foret
451 1709 519 1761 toto
541 1720 600 1760 nec
621 1698 734 1786 pervia
757 1697 885 1764 flatibus
907 1712 1000 1781 esset,

136 1899 498 1969 mammaemammal,
520 1901 586 1953 adeo
600 1920 708 1956 emeras

138 1988 226 2039 aquae
249 1972 360 2038 accipit,
384 1980 416 2024 at
433 1973 624 2040 ipselquoqae,
645 1975 708 2037 jam

136 2041 182 2092 sai
191 2041 326 2092 dissimilis
334 2042 510 2093 etnondolcis
523 2042 585 2094 hine
596 2046 705 2110 defluat.

137 2110 211 2161 Cani.
228 2110 347 2161 Herodot.
363 2109 406 2160 lV.
426 2127 449 2160 e.
472 2112 514 2160 52.
540 2110 605 2162 Plio.
625 2113 657 2163 Ν.
674 2115 705 2164 Η.

136 2179 181 2231 111.
202 2196 226 2229 e.
247 2180 290 2234 12.
321 2180 422 2231 Vitruv.
441 2179 509 2231 Vlll.
524 2196 546 2232 e.
567 2182 592 2232 3.
625 2181 705 2233 Solio.

136 2264 160 2298 c.
177 2248 218 2299 15.
236 2277 260 2284 -
284 2249 473 2309 calceantem,
499 2251 637 2309 alnella,
664 2268 707 2302 su-

136 2318 226 2379 dores,
253 2317 287 2368 al.
309 2345 340 2356 -
377 2317 435 2369 Por.
464 2319 490 2370 2.
513 2325 537 2368 et
557 2319 602 2368 Vll
620 2320 707 2372 Heins.

136 2395 163 2437 et
181 2386 310 2454 Scythiie,
335 2386 424 2436 Homh.
454 2387 478 2437 1.
499 2395 525 2438 et
540 2387 655 2455 Scythis.
678 2418 707 2427 -

135 2455 229 2516 Barb.,
249 2471 292 2520 pro
315 2470 341 2505 v.
370 2456 387 2505 l.
408 2457 519 2519 Arond.;
550 2456 608 2507 Par.
637 2458 661 2508 1.
684 2465 709 2508 et

135 2539 216 2589 prov.
232 2523 250 2572 l.
266 2524 292 2572 S.
309 2522 376 2572 Gall.
390 2526 447 2574 sale
458 2541 530 2574 nanc
543 2543 567 2574 v.
587 2539 689 2578 amara.

170 2591 231 2645 287.
259 2592 384 2642 ambitae.
422 2592 479 2642 Vid.
506 2595 584 2658 adl,
610 2597 653 2645 37.
677 2621 706 2631 -

134 2662 244 2713 Antissa
258 2676 334 2726 parvo
347 2662 428 2710 insula
441 2679 496 2712 curn
514 2664 574 2713 urbe
595 2666 706 2728 ejusdem

135 2733 240 2779 nominis
261 2731 325 2779 huod
345 2731 431 2794 procul
450 2747 464 2780 a
482 2732 580 2795 Lesbo,
599 2749 704 2798 quaeum

134 2799 367 2865 posteaconjuncta
388 2799 443 2847 luit.
480 2800 545 2848 Plin.
567 2802 597 2851 Η.
617 2801 648 2852 N.
672 2803 703 2851 ll.

134 2883 157 2916 e.
177 2867 221 2916 89.
246 2883 331 2916 reram
350 2874 451 2917 natura
474 2885 567 2918 rursus
592 2872 705 2923 abstulit

132 2937 236 2986 insulas
253 2936 326 2985 mari
337 2936 483 3002 junxitque
499 2940 595 3001 terris,
617 2941 705 2990 Antis-

132 3023 189 3056 sam
202 3005 292 3055 besbo.
313 3033 347 3044 -·
384 3005 487 3056 Pharos
500 3007 580 3057 insula
601 3017 626 3057 et
644 3011 704 3060 urbs

133 3077 197 3142 apud
209 3077 363 3142 Aegyptum,
391 3075 430 3124 cui
449 3085 522 3141 ponte
537 3077 625 3141 juncta
646 3079 702 3142 fuit,

133 3146 163 3195 de
177 3160 224 3209 qua
238 3146 301 3194 idern
315 3144 378 3194 Plin.
401 3144 433 3194 ll.
452 3163 475 3195 c.
496 3148 539 3195 85.
578 3147 704 3199 Nascun-

131 3224 177 3267 lar
190 3214 295 3278 (terrae)
315 3231 363 3263 nec
376 3216 520 3279 flaminum
539 3224 644 3267 tantam
664 3220 697 3267 in-

134 3293 218 3347 uecta,
227 3283 451 3334 sicatEchinades
463 3287 567 3335 insulae
579 3287 612 3335 ab
623 3287 703 3336 Ache-

133 3352 174 3400 loo
197 3367 267 3400 nnnc
292 3360 445 3417 congestae,
484 3354 618 3420 majorque
636 3372 704 3422 pars

134 3421 277 3484 Aegyptia
292 3419 354 3468 Nilo
362 3458 369 3483 ,
389 3421 507 3488 inquam
521 3441 538 3472 a
560 3425 646 3475 Pharo
663 3426 703 3475 in-

133 3490 194 3537 sula
213 3488 296 3536 noctis
315 3495 341 3538 et
358 3489 410 3538 diei
423 3506 528 3540 cursam
542 3494 627 3552 fuisse
648 3494 703 3543 Ho-

132 3574 201 3608 mero
220 3557 344 3606 credimus
365 3557 468 3623 (Odyss.
484 3559 533 3621 lV,
561 3561 611 3610 354
630 3579 700 3628 seqq.

133 3627 207 3678 Conf.
223 3626 286 3676 Plio.
300 3625 370 3676 Xlll.
385 3626 460 3675 c.ll.
479 3627 575 3678 Lucan.
590 3629 623 3691 X,
640 3632 699 3682 5119.

134 3697 218 3747 Strnb.
235 3698 254 3747 l.
269 3713 293 3761 p.
309 3696 351 3747 63.
370 3695 452 3747 XVll.
468 3713 491 3761 p.
508 3697 613 3762 lllll.);
631 3700 702 3749 deni·

132 3783 178 3830 que
200 3768 229 3816 de
248 3766 315 3834 Tyro
335 3765 482 3815 Phoeniciae
502 3767 563 3815 urbe
583 3769 646 3817 idern
666 3770 698 3819 V.

133 3851 155 3884 e.
181 3835 220 3884 19.
244 3835 330 3903 Tyras
346 3837 477 3901 quondam
496 3837 600 3900 insula,
619 3856 699 3903 prae-

131 3903 187 3953 alto
199 3904 270 3951 mari
284 3903 357 3954 DCC
370 3906 494 3971 passibas
511 3908 609 3970 diuisa,
630 3925 700 3958 atine

130 3988 191 4022 uero
209 3972 356 4022 Alexandri
379 3978 563 4042 oppugnantis
582 3979 700 4043 operibns

131 4041 273 4092 continens.
311 4041 384 4090 Conl.
399 4045 459 4094 ittet.
480 4045 499 4093 l.
515 4062 537 4095 c.
556 4047 595 4096 12.
632 4050 701 4097 Ano·

130 4111 300 4173 ebronistnus,
320 4112 383 4173 quod
396 4113 463 4162 Naso
484 4114 649 4182 Pythagoram
669 4119 699 4166 de

130 4182 205 4230 rebus
230 4180 396 4244 disputantem
424 4183 533 4246 inducit,
566 4202 628 4250 (quae
649 4193 705 4252 post

128 4265 197 4299 suam
211 4257 318 4299 aetatem
336 4248 494 4314 acciderunt,
522 4257 585 4319 apud
604 4264 722 4320 pectant·

127 4332 173 4365 nnn
188 4320 323 4380 urgendus.

162 4386 222 4436 289.
243 4389 346 4438 Leucas
364 4387 421 4436 olim
440 4387 569 4452 peninsula
587 4392 702 4443 Acarna-

122 4455 195 4518 niae,
225 4465 315 4525 postea
349 4457 432 4510 insuta
459 4457 536 4508 lacta.
573 4459 640 4512 Ptin.
668 4463 700 4512 11.

111 4543 134 4582 e,
166 4527 209 4581 90.
274 4531 399 4587 Videmus
431 4531 561 4602 hodieque
594 4547 711 4585 mnsam

750 1905 934 1960 Acarnaniam
952 1901 1094 1957 Ambracio
1114 1902 1189 1956 sinu.
1231 1904 1272 1956 Ad
1286 1902 1330 1954 bea

747 1978 881 2097 pqrrupqt¹
892 1993 968 2029 mare
986 1973 1124 2096 bpaeada.
1149 1975 1326 2095 effodiendi?

751 2061 1165 2167 coliemntbniciidt'eiiimtlttl
1175 2062 1269 2176 ,nillil
1315 2076 1324 2106 '

783 2203 845 2256 299.
866 2201 980 2266 Zancle,
999 2201 1059 2251 urbs
1077 2201 1212 2252 maritima
1231 2201 1262 2250 ad
1281 2198 1326 2250 ire·

750 2277 801 2320 tuin
827 2271 954 2334 Siculum,
992 2271 1065 2321 bodie
1093 2269 1233 2322 Messina.
1260 2267 1323 2330 Xlll,

752 2341 812 2390 729.
832 2341 893 2391 Mel.
909 2341 941 2390 11.
955 2356 978 2390 e.
994 2340 1019 2390 7.
1056 2338 1170 2401 Sicilia,
1192 2349 1226 2393 ut
1237 2342 1325 2402 inum,

751 2411 898 2476 aliqnando
926 2410 1061 2460 continens
1089 2417 1117 2460 el
1136 2427 1208 2475 agro
1228 2408 1324 2460 Bruttia

751 2481 855 2530 adnexa
861 2484 1002 2546 postfacto
1016 2480 1100 2529 maris
1112 2480 1205 2529 Siculi
1216 2479 1323 2529 alsam

751 2557 799 2599 est.
837 2549 901 2598 Plio.
918 2549 949 2598 ll.
964 2566 987 2597 c.
1002 2550 1045 2597 88.
1072 2548 1166 2598 Senec.
1190 2548 1223 2598 N.
1240 2548 1269 2613 Q
1283 2545 1320 2595 11.

750 2633 773 2666 c.
788 2617 832 2669 29.
870 2619 944 2667 Cani.
958 2617 1029 2679 Virg.
1043 2619 1075 2667 A.
1094 2617 1146 2678 lll,
1162 2619 1320 2684 41481111.-

750 2686 845 2736 Zwicc.
861 2695 886 2736 et
898 2689 955 2736 edd.
970 2687 1052 2736 Venn.
1067 2687 1246 2739 circumeant.

782 2773 843 2825 292.
865 2773 1083 2832 tellurem,illa1n
1099 2774 1188 2824 ltaliae
1199 2775 1317 2838 junctam.

780 2843 841 2894 293.
864 2843 971 2893 Helicen
989 2850 1015 2893 el
1027 2843 1127 2893 Burin.
1160 2843 1222 2893 Plio.
1244 2842 1273 2891 ll.
1292 2858 1315 2890 e.

748 2910 790 2962 92.
818 2912 918 2962 Pontus
938 2913 1049 2963 abstulit
1066 2913 1164 2963 Elicen
1181 2921 1205 2964 et
1223 2913 1316 2962 Raram

749 2981 776 3029 in
796 2982 856 3030 sina
884 2981 1033 3042 Corinthia,
1069 2999 1187 3048 quarum
1211 2984 1238 3032 in
1264 2981 1315 3031 alta

747 3052 862 3116 vestigia
876 3059 1014 3117 apparent.
1036 3049 1094 3098 Vid.
1111 3051 1204 3101 Senes.
1220 3051 1313 3117 Quaest.

749 3118 791 3167 Vl.
813 3135 836 3167 c.
857 3121 901 3172 23.
928 3120 1031 3168 Diodor.
1052 3118 1112 3169 XV.
1134 3137 1158 3170 e.
1182 3122 1225 3171 43,
1241 3121 1313 3183 ibique

746 3187 852 3253 interpp.
880 3189 954 3238 Oros.
977 3187 1020 3237 lll.
1041 3203 1065 3236 c.
1081 3189 1108 3238 3.
1130 3218 1158 3224 -
1204 3191 1261 3239 Bas.
1281 3189 1311 3249 1.,

747 3255 774 3304 S.
790 3256 869 3317 Gall,
889 3257 961 3307 Vrot.
976 3265 1002 3307 et
1014 3263 1076 3306 vett.
1093 3259 1151 3307 edd.
1166 3259 1193 3308 si
1205 3257 1310 3326 qnaeris.

746 3322 842 3389 Reliqui
856 3327 881 3376 si
891 3344 1021 3393 quaeras,
1041 3334 1127 3386 recte,
1148 3344 1186 3376 sc.
1202 3334 1310 3393 sequente

746 3393 839 3445 futuro.
861 3396 935 3445 Cani.
951 3396 1002 3446 Met
1028 3394 1071 3456 lll,
1090 3396 1149 3446 lli.
1174 3398 1233 3447 ller.
1248 3394 1309 3454 Xt't,

749 3462 809 3513 173.
826 3494 852 3500 -
877 3464 984 3527 Dresd.,
1006 3464 1099 3527 Vrec,
1122 3465 1220 3515 Zwiec.
1238 3474 1261 3515 et
1273 3465 1309 3514 ed.

745 3548 782 3596 pr.
797 3540 822 3581 et
835 3533 898 3583 Ven.
915 3534 939 3583 l.
952 3536 979 3588 2.
999 3534 1103 3584 Elicen.
1133 3535 1247 3601 Plerique
1261 3534 1309 3585 t'iv.

744 3608 768 3650 et
788 3604 827 3651 ed.
849 3603 913 3652 Ven.
935 3606 960 3653 2.
981 3603 1086 3653 Buran.
1118 3603 1228 3667 Dresd.‚
1248 3605 1309 3669 Lips.

743 3670 769 3721 2.
791 3678 816 3720 et
835 3671 929 3722 Zwiec.
957 3673 1060 3723 Barim.
1115 3673 1222 3736 Quidam
1248 3673 1307 3732 Vin,

744 3756 828 3789 ornnes
842 3742 928 3792 Heius.
943 3758 997 3791 cuin
1011 3743 1080 3804 vulg.
1095 3743 1195 3793 Burin.
1227 3742 1308 3791 Dresd.

743 3817 767 3858 et
781 3811 837 3858 edd.
852 3810 932 3861 Venn.
947 3811 1091 3862 Achaidos.
1121 3811 1220 3879 Reliqui
1233 3825 1310 3860 omues

742 3879 888 3930 Achaidos.

777 3964 838 4014 296.
861 3964 992 4017 Pittheam
1013 3965 1160 4017 Troezena.
1195 3968 1254 4018 l'id.
1272 3965 1310 4026 11,

742 4033 803 4082 418.
819 4042 844 4082 ct
857 4036 924 4084 conl.
941 4035 1015 4095 1111,
1037 4036 1097 4085 923.
1121 4044 1147 4085 ct
1160 4036 1269 4087 Pausau.
1283 4035 1310 4085 11.

744 4103 786 4152 34.
808 4104 899 4152 Seuoc.
915 4104 933 4152 1.
949 4104 966 4153 l.
982 4105 1026 4154 vt.
1040 4122 1063 4153 c.
1082 4104 1124 4156 12.

783 4172 843 4222 301.
864 4175 967 4224 laetata
981 4174 1040 4223 lrui.
1055 4174 1114 4224 Vid.
1130 4174 1163 4237 V,
1180 4175 1243 4225 354.
1257 4171 1312 4224 319.

748 4241 809 4292 394.
833 4242 858 4305 l,
879 4243 937 4293 685.

780 4327 840 4378 302.
860 4345 907 4379 nec
917 4329 1008 4394 pervr'a
1020 4355 1037 4368 -
1050 4337 1127 4380 esset.
1166 4329 1258 4381 Porum
1277 4344 1316 4378 ac-

744 4406 832 4446 curata
852 4399 948 4460 oratio,
977 4399 1046 4448 rima
1065 4401 1143 4450 nulla
1162 4416 1212 4450 nec
1227 4399 1316 4466 pernis

742 4469 862 4530 flatibus.
907 4468 957 4517 Sed
988 4477 1070 4517 tamen
1103 4471 1315 4520 consentientibus

755 4536 944 4584 onnhnsuett.
955 4537 1030 4584 thius
1040 4546 1138 4588 nutare
1157 4540 1220 4589 nihil
1237 4539 1313 4590 audeo
