2864 4890
543 138 887 222 rosnrsrro.
1283 164 1307 218 v

109 318 259 403 Heiusii,
284 336 321 386 ut
345 319 402 407 qni
423 320 594 408 plerosque
613 320 733 385 horum
752 319 936 386 carminum
963 319 1080 403 Iocus,
1108 318 1166 406 qni
1194 316 1306 384 critica

114 446 177 510 ope
197 422 380 509 indigeant,
400 421 545 509 primum
565 444 721 487 censurae
740 420 931 509 subjecerit,
958 421 1112 512 cujusque
1132 420 1247 485 audaci
1267 442 1306 485 ac

114 524 326 590 tumultuaria
345 524 457 590 critica
479 547 605 589 summa
626 523 684 588 iIIa
710 523 898 611 depravatio
918 540 1013 609 atque
1035 523 1218 612 corruptio,
1240 544 1305 608 qua

113 625 391 712 Metamorphoses
412 641 574 706 tenentur,
597 625 743 690 maxima
767 648 810 690 ex
830 641 921 713 parte
938 619 1083 713 profecta
1105 626 1140 690 in
1161 625 1304 711 reliquas

115 728 271 794 editiones
293 728 444 793 manarit.
487 725 575 792 Nam
596 727 671 791 licet
691 727 745 791 hic
772 726 827 792 vir
848 726 1083 793 eruditissimus
1113 744 1145 793 et
1171 729 1303 812 elegan-

114 829 262 899 tissimus,
279 830 375 895 tantis
399 831 574 895 instructus
597 844 747 895 veterum
768 829 929 894 librorum
951 846 981 894 et
1000 829 1166 895 doctrinae
1188 828 1303 916 copiis,

115 931 244 1017 quantis
257 932 327 996 fere
340 955 434 997 nemo
451 953 596 1014 unquam
614 931 654 994 ad
669 931 775 994 uIIum
788 946 933 996 veterem
951 932 1141 1019 scriptorem
1161 946 1303 997 tractan-

115 1034 207 1117 dum,
223 1035 263 1099 ad
280 1057 361 1121 opus
375 1057 470 1098 suum
486 1031 665 1112 accesserit,
682 1047 712 1096 et
726 1030 761 1094 in
776 1032 887 1097 multis
902 1056 940 1098 ac
950 1033 1105 1099 maximis
1120 1033 1249 1119 quidem
1264 1032 1304 1097 de

115 1136 341 1201 emendatione
361 1135 540 1221 scripturae
561 1149 592 1198 et
614 1132 806 1198 accuratiori
833 1135 998 1201 intellectu
1024 1151 1119 1220 atquc
1139 1135 1305 1221 interpre-

115 1238 237 1305 tatione
259 1236 373 1307 Ovidii
394 1236 537 1323 impense
552 1233 708 1299 meruerit
730 1235 960 1323 doctorumque
981 1237 1086 1303 studia
1108 1237 1147 1301 ad
1164 1235 1304 1321 diligen-

116 1341 236 1406 tiorem
264 1362 302 1404 ac
336 1337 560 1404 venustiorem
586 1334 682 1427 hujus
712 1353 825 1423 poetae
852 1339 1077 1405 tractationem
1109 1337 1306 1404 converterit

117 1458 214 1528 atque
239 1440 440 1520 incenderit3
472 1454 613 1504 attamen
643 1437 706 1502 dici
733 1463 800 1504 non
828 1455 932 1526 potest
960 1464 1058 1526 qnam
1086 1439 1203 1506 misere
1230 1463 1305 1504 cum

116 1542 256 1609 Nasonis
280 1542 423 1607 carmina
445 1541 578 1606 omniuo
599 1556 669 1604 tum
691 1541 753 1605 hoo
767 1541 1068 1628 Metamorphoseou
1088 1565 1167 1631 opus
1189 1541 1306 1627 depra-

115 1645 203 1711 varit
226 1660 256 1710 et
276 1645 312 1708 in
332 1643 525 1731 scripturam
546 1641 789 1728 integerrimam
810 1656 843 1706 et
858 1643 1127 1728 elegantissimam
1140 1659 1307 1710 veterum·

119 1771 181 1832 que
202 1748 361 1812 librorum
383 1745 571 1810 auctoritate
601 1748 823 1810 confirmatam
851 1744 1003 1810 furuerit.
1050 1747 1106 1812 Ad
1134 1746 1307 1810 minimum

118 1850 274 1935 nongenti
295 1863 371 1913 sunt
392 1847 428 1912 in
450 1848 512 1912 hoc
534 1847 677 1912 carmine
705 1846 788 1928 Ioci,
815 1869 894 1931 quos
916 1870 1069 1934 perversa
1097 1848 1208 1912 critica
1238 1846 1306 1938 ejus

118 1967 174 2017 aut
195 1950 331 2038 turpiter
353 1949 534 2036 corruperit
554 1950 636 2014 falsa
666 1947 826 2035 scriptura
848 1972 909 2035 pro
931 1971 1087 2036 germana
1115 1974 1153 2015 ac
1179 1950 1306 2016 sincera

117 2053 299 2133 substituta,
324 2068 378 2118 aut
400 2050 592 2141 conjecturis
612 2051 755 2132 tentarit,
777 2066 831 2115 aut
852 2051 1051 2136 argumentis
1074 2067 1105 2116 et
1127 2052 1307 2118 rationibus

118 2158 215 2244 plane
228 2153 380 2218 inanibus
403 2177 440 2217 ac
455 2152 603 2216 futilibus
618 2151 837 2237 supposititios
851 2149 1015 2239 judicarit.
1041 2150 1156 2239 Neque
1170 2177 1262 2234 vero,
1278 2153 1307 2219 si

117 2259 281 2324 rationem
290 2253 358 2340 ejus
374 2250 560 2336 diligentius
576 2252 828 2332 consideramus,
845 2251 1030 2315 mirandum
1044 2253 1126 2316 iIIud
1139 2269 1196 2318 est.
1219 2254 1307 2338 Quid

117 2361 210 2426 enim
232 2381 251 2423 a
275 2354 384 2418 critica
407 2350 587 2439 exspectari
608 2366 730 2438 potest,
752 2374 832 2436 quae
850 2375 917 2416 non
940 2370 1025 2418 certa
1044 2353 1100 2420 via
1125 2378 1163 2421 ao
1184 2355 1309 2422 ratione

118 2480 313 2542 summaque
332 2454 514 2522 reverentia
537 2453 734 2539 antiquitatis
757 2468 788 2517 et
809 2456 1007 2520 auctoritatis
1035 2457 1195 2522 bonorum
1215 2474 1307 2524 vate·

120 2588 195 2628 rum
216 2559 395 2639 librorum,
417 2558 472 2622 sed
495 2558 633 2621 obscuro
653 2555 759 2643 potius
780 2578 818 2620 ac
839 2555 951 2620 faIIaoi
972 2559 1110 2643 quodam
1131 2559 1309 2644 elegantiae

119 2687 216 2730 sensu
243 2684 312 2726 non
340 2659 410 2725 sine
438 2659 652 2723 immoderato
678 2656 832 2722 novitatis
861 2673 893 2722 et
919 2659 1098 2725 doctrinam
1129 2661 1309 2727 ostentandi

119 2767 225 2832 studio
248 2762 406 2828 ducatur?
451 2762 501 2826 Ac
522 2760 595 2825 talis
615 2760 686 2824 fere
707 2758 835 2824 Heinsii
862 2797 898 2808 -
920 2761 1005 2846 quod
1027 2763 1119 2828 salva
1141 2762 1308 2828 doctrinae

119 2870 215 2935 laude
237 2880 268 2931 et
288 2863 446 2929 acerrimo
469 2862 664 2949 optimarum
686 2861 854 2926 literarum
884 2863 990 2927 studio
1010 2863 1106 2953 hujus
1126 2864 1192 2930 viri
1213 2865 1309 2929 dixe·

120 2973 188 3038 rim
209 3006 248 3018 -
269 2966 380 3032 critica
401 2964 478 3029 fuit.
530 2962 642 3048 Itaque
663 2962 831 3051 permultis
850 2964 930 3028 locis
950 2965 997 3030 sic
1019 2967 1182 3052 peocavit,
1204 2983 1259 3048 ut,
1281 2966 1309 3032 si

119 3087 259 3163 poetam,
282 3068 338 3153 qui
358 3066 514 3134 varietate
536 3065 664 3130 dicendi
686 3084 717 3130 et
738 3065 830 3152 copia
848 3065 936 3132 inter
959 3090 1070 3143 omnes
1092 3084 1201 3155 poetas
1216 3068 1308 3133 Lati·

122 3198 182 3240 nos
207 3169 357 3250 excellit,
380 3168 444 3232 alio
466 3170 538 3234 Ioco
559 3191 661 3255 prope
682 3167 769 3233 idem
789 3166 895 3231 dicere
923 3169 1109 3256 reperisset,
1139 3172 1248 3234 Iocum
1269 3172 1309 3236 de

121 3299 185 3362 qno
204 3297 293 3339 nnnc
313 3287 480 3357 ageretur,
503 3271 544 3333 ad
565 3269 668 3332 alium
687 3268 782 3331 illum
804 3272 1060 3336 accommodaret
1081 3285 1176 3356 atque
1197 3288 1309 3338 muta-

122 3394 184 3443 ret.
227 3374 305 3439 Vid.
324 3374 463 3460 praefat.
486 3370 590 3436 TrIst.
612 3367 668 3434 Sic
689 3369 798 3435 nescio
819 3393 879 3454 qua
902 3373 1060 3459 pravitate
1081 3373 1193 3464 judicii
1214 3400 1310 3442 usum

123 3477 214 3543 modi
232 3474 450 3565 conjunctivi,
473 3472 530 3536 ubi
552 3496 569 3537 e
590 3471 755 3541 communi
777 3475 1007 3542 consuetudine
1028 3476 1155 3544 dicendi
1182 3479 1308 3543 indica·

122 3581 210 3647 tivus
230 3594 316 3644 recte
338 3577 452 3656 habet,
474 3574 589 3639 maluit
609 3597 647 3638 ac
668 3576 741 3661 plus
762 3575 836 3640 XX
857 3576 954 3660 Iocis,
989 3579 1044 3663 qui
1065 3581 1310 3671 conjunctivum

122 3707 183 3771 pro
210 3680 388 3746 indicativo
416 3677 606 3758 admittunt,
643 3677 699 3742 vel
730 3679 822 3742 nulla
850 3681 906 3745 vel
933 3705 1094 3768 perparva
1122 3680 1310 3746 auctoritate

121 3799 270 3851 veterum
291 3782 453 3846 librorum
474 3777 719 3868 conjunctivum
739 3780 882 3846 induxit.
916 3780 994 3845 Vid.
1018 3781 1045 3861 I,
1069 3782 1144 3853 667,
1165 3778 1210 3864 II,
1233 3785 1308 3850 519.

120 3868 1402 3967 mmmmmmmmmmum'

121 3992 197 4054 377.
226 3988 302 4052 530.
332 3981 397 4048 VII
405 4030 415 4065 ,
454 3985 526 4049 173.
555 3981 628 4064 XI,
655 3984 730 4048 538.
764 3985 840 4046 626.
871 3980 959 4067 XII,
998 3988 1073 4053 322.
1102 3986 1205 4070 ΧΙΙΙ,
1233 3991 1307 4055 672.

120 4089 228 4171 XIV,
248 4090 324 4153 675.
344 4084 430 4167 XV,
454 4083 531 4148 459.
582 4083 680 4152 conf.
709 4083 819 4148 Praei.
842 4083 945 4152 Trist.
974 4088 1163 4156 Affectuum
1185 4107 1311 4156 amator

120 4208 207 4273 erat;
228 4192 336 4276 itaque
356 4202 434 4274 quot
454 4184 548 4267 locis,
571 4185 628 4249 ubi
650 4208 669 4249 a
690 4184 783 4249 libris
799 4210 864 4252 non
885 4191 1093 4270 exhibentur,
1116 4194 1215 4257 falsos
1230 4217 1309 4280 poe-

119 4314 173 4364 tae
195 4297 329 4360 affectus
352 4289 511 4356 obtrusit?
562 4286 602 4353 In
624 4285 746 4352 deliciis
773 4290 911 4356 habebat
936 4291 1094 4384 adjectiva
1122 4294 1158 4358 in
1186 4318 1310 4382 aspro

117 4396 294 4491 participio
313 4393 491 4485 praesentia
518 4391 622 4477 igitur
639 4390 751 4458 multis
780 4393 861 4459 Iocis
890 4395 948 4460 ubi
968 4397 1046 4461 Iibri
1072 4420 1172 4463 manu
1199 4396 1311 4485 scripti
