2864 4890
633 160 733 214 atalia
753 161 800 213 lX.

211 314 357 380 Numine
377 315 508 404 decepto
532 314 640 380 risisse
662 312 857 381 Galanthida
880 317 968 383 sama
991 333 1049 384 est.

208 400 379 465 Ridentem
402 399 713 488 prensamque'ipsis
736 401 794 464 dea
817 422 912 466 saeva
937 404 1062 491 capillis

210 486 351 566 Traxit,
375 501 405 550 et
428 501 552 550 eterra
577 508 695 572 corpus
718 487 866 551 relevare
888 489 1055 554 volentem

208 571 325 635 Arcuit
345 570 443 655 inque
464 570 561 672 pedes
582 569 722 636 mutavit
744 570 875 635 brachia
904 571 1039 658 primos.

208 655 388 720 Strenuitas
411 672 541 740 antiqua
562 666 691 735 manet,
706 678 766 719 nec
786 668 877 741 terga
898 656 1041 722 colorem
1253 671 1314 725 820

208 741 360 805 Amisere
382 763 492 822 suum3
524 741 630 805 forma
652 754 698 804 est
717 739 844 806 diverse
867 739 981 826 priori.

209 825 303 907 Quae
325 825 400 910 quia
421 824 569 888 mendaci
591 823 769 911 parientem
790 821 920 914 juverat
942 848 1010 906 ore,

211 911 280 974 Ore
302 910 404 996 parit,
433 924 623 994 nostrasque
643 910 767 990 domos,
791 925 827 973 ut
846 923 877 974 et
898 925 984 991 ante,
1010 908 1231 994 frequentat.“

251 993 369 1074 Dixit,
394 1008 435 1075 et,
459 993 626 1059 admonitu
647 994 767 1060 veteris
789 1010 950 1059 commota
970 992 1149 1077 ministrae,

207 1076 388 1160 Ingemuit3
411 1102 507 1163 quam
525 1078 571 1143 sic
592 1100 695 1143 nurus
716 1095 763 1144 est
784 1081 880 1143 affata
904 1080 1084 1143 dolentem:
1254 1093 1314 1147 316

210 1165 289 1244 „Te
311 1179 431 1244 tamen,
456 1184 475 1227 o
495 1163 652 1249 genitrix,
673 1164 799 1229 alienae
819 1187 837 1227 a
861 1164 1020 1250 sangnine
1042 1180 1152 1230 vestro

205 1248 310 1334 Rapta
332 1264 442 1313 movet
462 1249 573 1313 iacies.
617 1248 706 1333 Quid
728 1248 756 1313 si
778 1247 836 1313 tihi
859 1249 942 1313 mira
962 1244 1083 1314 sororis

208 1332 288 1397 Fata
308 1357 399 1398 meae
420 1333 585 1399 referam?
613 1357 797 1420 quanquam
816 1333 1031 1418 lacrimaeque
1053 1333 1209 1419 dolorque

208 1416 393 1503 lmpediunt
413 1419 647 1505 prohibentque
669 1418 770 1504 loqui.
815 1417 892 1482 Fuit
911 1419 1007 1483 unica
1031 1418 1192 1502 matri,—

208 1503 262 1566 Me
284 1519 376 1589 pater
396 1526 438 1567 ex
460 1503 523 1586 alia
545 1503 658 1588 genuit
671 1541 711 1578 -ε
727 1503 893 1567 notissima
915 1505 1022 1567 forma
1253 1514 1314 1569 330

211 1586 428 1652 Oechalidum
449 1586 609 1678 Dryope:
661 1612 737 1652 uam
757 1588 945 1672 virginitate
968 1604 1130 1654 carentem

210 1673 351 1756 Vimque
372 1671 423 1737 dei
444 1697 570 1760 passam
593 1613 659 1738 Del
683 1675 740 1738 hos
763 1672 936 1757 Delonque
956 1673 1094 1739 tenentis

207 1756 340 1844 Excipit
361 1759 590 1839 Andraemon,
614 1775 646 1823 et
659 1699 804 1823 habetur
824 1756 962 1906 conpage
985 1759 1082 1824 felix.

207 1841 266 1907 Est
285 1844 374 1907 lacus
394 1843 538 1925 acclivis,
562 1844 689 1910 devexo
711 1844 859 1930 margine
894 1867 1021 1908 ormam

206 1927 329 1991 Litoris
357 1928 500 1993 efficiens
510 1975 519 2009 ,
545 1950 711 1992 summum
730 1943 872 2016 myrteta
894 1942 1062 1992 coronant.
1253 1939 1313 1993 335

207 2010 351 2076 Venerat
372 2012 436 2077 huc
457 2009 597 2099 Dryope
618 2013 763 2076 fatorum
790 2011 912 2091 nescia,
941 2035 1067 2096 quoque

157 2218 220 2270 317.
237 2221 412 2285 prensamque
428 2243 463 2255 -
480 2214 593 2280 cupillis.
620 2212 694 2266 Cani.
740 2220 869 2285 pecuina.
889 2213 947 2265 Par.
961 2214 987 2266 3.
1002 2222 1029 2266 et
1040 2216 1152 2266 nonnulli
1166 2216 1252 2268 licius.
1264 2233 1316 2286 po-

119 2288 156 2350 ll,
172 2286 234 2336 tlt.
248 2313 279 2323 -
294 2286 356 2336 Cod.
371 2286 468 2335 Bersm.
482 2290 507 2335 et
519 2282 609 2335 Dresd.
618 2300 697 2352 pree·
739 2292 850 2336 venenu.
868 2314 898 2325 -
909 2300 1007 2348 nurus,
1029 2284 1091 2335 lule.
1111 2284 1169 2336 vit.
1185 2288 1215 2337 ed
1228 2285 1289 2339 373.

116 2371 242 2422 samque.
261 2352 319 2407 Bas.
333 2356 360 2406 1.
381 2354 478 2423 ipsum.
493 2353 586 2407 Graev,
599 2362 624 2406 et
637 2352 694 2407 Par.
775 2355 836 2408 3311.
851 2355 953 2405 olimae
966 2374 983 2406 a
995 2373 1018 2406 s.
1035 2354 1097 2406 Cod.
1107 2356 1215 2420 Bessus,
1224 2356 1315 2408 Dresd.

116 2427 228 2483 2.sur'e.
741 2424 873 2487 al.1u.,
905 2423 977 2475 Vrat.
998 2427 1205 2491 etmeliores(?)
1227 2426 1314 2477 lleius.

154 2495 215 2546 318.
231 2493 301 2560 Lips.
318 2491 342 2543 l.
357 2498 383 2543 et
395 2490 475 2542 llhen.
490 2509 508 2544 c
520 2499 599 2545 terro.
739 2490 843 2546 alienae
854 2497 997 2562 smgnine.
1028 2493 1101 2546 Goth.
1125 2495 1150 2545 1.
1164 2495 1191 2548 3.
1211 2497 1316 2548 altinae

156 2565 218 2616 313.
228 2565 336 2632 primos,
352 2563 502 2613 anteriores.
739 2580 758 2615 a
769 2565 911 2632 sanguine.
944 2563 1025 2614 Rhen.
1045 2565 1135 2616 alieno
1152 2582 1203 2619 ee.
1221 2567 1314 2617 Dresd.

156 2634 216 2688 330.
230 2636 383 2698 strenuitas,
397 2633 518 2684 sedulitas
531 2630 697 2697 atqucmohi·
738 2649 755 2684 a
772 2640 880 2684 correct.
908 2634 997 2685 aliena
1015 2649 1037 2683 s.
1063 2633 1117 2686 Pul.
1132 2637 1159 2687 3.
1178 2644 1206 2687 et
1224 2637 1316 2702 reliqui

119 2704 188 2754 litas.
205 2704 278 2754 Coul.
293 2718 318 2754 v.
326 2703 387 2754 aut.
399 2732 426 2740 -
441 2718 489 2753 nec
501 2703 696 2770 tergacoloreru
738 2718 825 2754 omnes
848 2718 904 2753 cum
923 2708 985 2753 vett.
1007 2704 1065 2754 edd.
1091 2705 1197 2757 attense
1214 2722 1233 2756 a
1252 2720 1315 2758 sart-

120 2781 186 2836 etc,
207 2773 264 2838 quia
283 2773 405 2824 mustelae
417 2774 518 2823 dorsum
531 2773 613 2822 carnis
626 2773 695 2822 coio-
737 2773 829 2840 gaiae,
849 2774 913 2838 quod
926 2774 1058 2835 genuinum
1071 2775 1179 2824 videtur.
1205 2775 1316 2842 Praepu.

120 2858 173 2894 rem
186 2843 270 2892 hahet.
738 2843 852 2892 cilionem
860 2857 946 2892 overe
954 2843 1103 2909 interpretes
1112 2844 1206 2908 ejicere
1214 2861 1261 2895 nou
1270 2848 1316 2896 de-

156 2913 217 2965 att.
228 2911 320 2979 priori.
340 2909 363 2960 V
365 2911 421 2972 algo
435 2911 526 2960 dicitur
536 2910 653 2962 dicerem
665 2928 692 2962 u.
737 2912 883 2963 hebeat.·-
904 2921 1016 2974 ,‚tomen
1030 2915 1249 2964 nectitorutinnem
1258 2930 1315 2966 cum

121 2981 171 3033 Sed
190 2990 263 3047 poeta
281 2981 398 3031 diuersus
410 2980 550 3030 construxit
562 2983 593 3030 ad
606 2982 695 3031 simili·
737 2980 907 3048 superioribus
927 2983 999 3046 plane
1012 2989 1039 3031 ut
1054 2997 1079 3030 v.
1094 2983 1162 3031 38.“
1185 2984 1315 3052 Gierig.

119 3052 230 3102 tudinem
248 3050 366 3116 adjectivi
385 3049 527 3114 dissimulis,
553 3049 627 3116 cujus
645 3051 696 3101 vim
773 3051 834 3104 331.
854 3057 935 3115 rupta
942 3051 1042 3113 facies.
1063 3051 1136 3100 Conf.
1152 3050 1208 3113 Vll,
1223 3053 1284 3105 289.

119 3122 145 3172 h.
161 3120 279 3170 hhuhet.
583 3158 587 3164 .
744 3156 747 3161 -
775 3120 836 3170 stt.
852 3127 943 3184 puter,
957 3119 1075 3186 Eurytus.
1096 3119 1154 3168 Viti.
1168 3120 1199 3168 ad
1211 3122 1313 3174 nist.

155 3191 216 3244 333.
240 3190 307 3241 Naso
333 3189 379 3238 hoc
405 3187 460 3236 loco
489 3187 514 3236 io
533 3202 605 3237 usum
624 3200 696 3237 suunt
775 3187 836 3238 331.
857 3187 1040 3238 Oechalidum.
1067 3188 1202 3238 Oechaliae
1215 3191 1315 3241 hahita-

120 3259 244 3310 convertit
263 3259 402 3325 opinionem
421 3263 544 3318 veterum,
563 3256 696 3306 mustelam
739 3264 779 3306 rut
795 3257 903 3323 Dryope.
924 3256 982 3307 vid.
996 3257 1027 3307 ad
1040 3274 1065 3306 v.
1082 3257 1141 3309 tat.
1155 3266 1182 3311 et
1195 3260 1256 3312 136.

118 3344 166 3396 per
180 3346 208 3378 os
220 3344 319 3395 parcre,
344 3327 437 3377 Autan.
446 3325 559 3377 Liberal.
569 3341 593 3376 c.
607 3325 631 3376 1.
645 3325 697 3376 Ae·
774 3325 836 3377 333.
853 3327 896 3377 dei
907 3324 1026 3394 Delphos
1037 3325 1175 3396 Delonque
1193 3333 1316 3398 tenentt'e,

120 3399 183 3449 han.
198 3398 231 3450 V.
246 3398 277 3448 H.
291 3397 350 3449 Xll.
365 3412 388 3445 c.
405 3395 430 3444 5.
737 3394 875 3460 Apollinis,
890 3397 930 3461 qui
944 3397 999 3448 lleli
1013 3405 1086 3449 natus
1098 3398 1155 3465 (Vl,
1170 3400 1220 3451 1911
1229 3406 1315 3468 seqq.)

154 3486 216 3540 323,
243 3491 398 3538 ,upum
424 3480 521 3542 Bepoqq
542 3482 643 3536 ΒΜ,
657 3482 696 3547 4,,
740 3472 767 3514 et
792 3464 892 3531 Delphis
918 3469 1045 3520 oraculum
1070 3469 1172 3520 tenebat
1201 3471 1241 3536 (l,
1262 3473 1314 3523 515

60 3600 79 3620 f
119 3552 231 3617 Drasd,
253 3554 349 3605 Zwicc.
373 3559 399 3603 et
418 3551 632 3605 nonnullilleins.
654 3570 698 3604 ue·
739 3536 833 3601 seqq).
1062 3606 1067 3618 ·
1129 3605 1135 3618 '

116 3624 160 3679 lati
172 3633 243 3676 aute.
264 3625 338 3676 Cous.
352 3622 399 3685 xl,
416 3621 475 3672 118.
774 3604 835 3657 333.
852 3612 951 3673 excepti
963 3613 1188 3656 rumatmmomnm.
1200 3633 1221 3642 -
1231 3606 1314 3658 etha.

154 3713 216 3766 331.
234 3713 290 3763 lola
300 3712 441 3763 Atenenae
452 3716 555 3773 namet,
569 3706 695 3778 Dryopen
737 3672 1026 3798 ἓὲΐιᾞῆᾞξζῖθιὶτ·
1047 3668 1177 3735 Contxt,
1191 3673 1252 3726 ²⁶5·
1269 3672 1313 3738 Vl,

117 3799 235 3867 mim
247 3799 334 3844 ”iamt
347 3795 428 3863 quum
437 3779 618 3862 Parwl⁰s⁶lf⁰
631 3782 694 3831 ‘im‘
772 3815 833 3864 331.
855 3812 971 3861 lleinsius
985 3824 1073 3858 exuuo
1082 3806 1174 3858 Medic.
1189 3806 1255 3875 (cum
1264 3829 1312 3887 quo

111 3852 207 3921 pleuto
219 3868 323 3904 ramum
334 3851 391 3914 leit,
404 3850 430 3900 ln
443 3864 523 3932 quum
535 3849 694 3932 1101133313·
736 3881 861 3932 consentit
874 3879 948 3931 Goth.
963 3878 1003 3942 2.)
1023 3877 1091 3926 dedit
1110 3878 1219 3944 acclivi,
1240 3890 1267 3933 ut
1279 3885 1314 3934 sit

111 3922 172 4006 qh
184 3931 291 3975 tillim
299 3924 404 3985 sumti
427 3920 547 3982 ‘mm’
571 3925 694 3997 “W'‘
737 3950 862 4012 genitivus
888 3949 919 3997 ati
944 3946 1028 3998 litoris
1044 3946 1201 4002 referendus.
1233 3952 1311 4004 itate.

114 4009 145 4045 m
157 3994 239 4045 tutum
251 4008 353 4043 aerem
365 4006 429 4040 esse.
453 3986 527 4037 Conf.
540 3987 632 4037 Auton.
648 3985 693 4037 lu·
736 4019 800 4084 qum}
818 4024 892 4084 poeta
910 4016 1047 4079 generatim
1065 4016 1115 4068 illis
1128 4027 1167 4071 est
1180 4020 1255 4074 lucus
1267 4042 1312 4075 uc-

115 4061 172 4115 W·
186 4078 211 4113 ⁶·
227 4063 271 4114 32·
290 4061 362 4111 sm·
376 4060 408 4109 “d
421 4057 494 4119 virg·
504 4055 588 4118 ⁶⁰⁰¹'3
603 4055 635 4117 H'
645 4055 689 4106 Μ’
739 4088 812 4138 clivis
824 4086 977 4150 enuntiavit,
997 4085 1083 4139 veritis
1094 4088 1190 4143 devexo
1202 4118 1233 4131 —
1253 4093 1312 4158 effi-

154 4149 216 4202 331.
237 4148 319 4213 dicit,
334 4160 370 4197 so.
385 4145 515 4196 Alcmena.
536 4143 569 4193 V.
584 4139 646 4195 381.
661 4166 698 4183 -
739 4158 809 4209 ,pem
821 4157 969 4225 „primm

118 4215 517 4276 admonituoetert'smiuisiroe,
533 4210 695 4274 utvll,ltttt.
775 4226 835 4278 335·
859 4242 991 4279 mmmm
1013 4235 1128 4296 mmm
1153 4246 1205 4280 w·
1238 4230 1310 4293 Vim

115 4289 273 4340 “mmm
282 4287 371 4356 331111
381 4287 468 4337 1331111
472 4320 478 4333 ·
740 4294 830 4361 Georg.
838 4296 870 4365 ll,
880 4297 936 4352 113.
945 4299 1024 4350 tttora
1030 4301 1149 4369 myrtetis
1156 4301 1311 4351 laetissima.

149 4376 212 4431 335.
233 4377 370 4427 dolentem,
400 4369 469 4422 Unus
483 4368 576 4422 Medic.
588 4383 696 4438 gernen-
773 4368 832 4420 3311.
843 4373 961 4430 fatentur
972 4369 1071 4432 mucio,
1085 4369 1170 4418 nescia
1183 4370 1241 4434 quid
1254 4370 1312 4418 olim

111 4453 174 4510 um,
188 4447 254 4511 quud
266 4453 361 4495 temere
376 4438 608 4507 recepitlieinsius.
626 4436 696 4489 Non·
737 4436 781 4487 illo
793 4435 849 4488 loco
865 4438 1048 4491 inclamasset.
1064 4436 1125 4487 att.
1152 4438 1226 4487 Conl.
1239 4438 1310 4500 Vlll,

111 4515 277 4586 uuililieius,
299 4508 630 4565 etedd.Veuu.etl¹a1m.
655 4508 695 4560 lo·
736 4506 798 4562 att.
1027 4569 1101 4632 ²1*
