2864 4890
525 162 629 219 ovtott
646 165 952 220 161071110661100118.

222 317 404 406 „Quisquis
425 341 469 400 es,
491 317 554 384 lsoc
573 334 702 408 poteras
722 344 851 386 mecum
871 318 1038 386 considere
1057 324 1197 404 sexo,“·

222 408 334 490 Argus
356 403 419 469 ait:
440 426 572 489 „oeque
593 405 680 470 enim
701 407 812 492 pecori
833 404 1005 470 fecundior
1024 406 1095 471 ullo
1271 420 1333 473 680

224 490 363 574 „Herba
378 489 450 553 loco
466 503 524 570 cst,
540 504 709 577 aptamque
723 489 815 556 vides
829 489 1011 638 pastoribus
1025 490 1216 560 umbram.“

222 575 316 643 Sedit
337 571 552 655 Atlantiades,
574 588 606 639 et
625 588 756 639 euntem
774 597 831 638 mu
845 590 877 639 ta
897 574 1059 658 loquendo

221 658 374 726 Detinuit
393 679 544 722 sermone
565 657 662 739 diem,
682 656 863 748 junctisque
884 657 1030 723 canendo

223 744 365 810 Vincere
384 740 597 807 arundinibus
617 742 779 809 servantia
801 741 926 807 lumina
946 756 1059 809 tentat.
1160 754 1165 765 ’

221 828 283 895 llle
301 842 410 892 tamen
429 841 553 915 pugnat
573 829 688 893 molles
710 827 860 892 66166666
880 848 1024 907 somnos,
1268 841 1330 894 685

222 913 266 980 Et
286 911 434 999 quamvis
455 934 554 1013 sopor
575 927 622 978 est
644 913 814 977 oculorum
835 926 926 998 parte
946 926 1105 999 receptus,
1187 935 1190 939 ’

221 999 319 1064 Ρ6666
339 1011 446 1061 tamen
466 996 601 1082 vigilat3
627 995 752 1081 quaerit
772 1019 900 1081 quoque
914 1032 931 1047 ·
946 1018 1085 1081 namque
1106 1010 1235 1085 reperta

221 1082 347 1148 Fistula
368 1104 474 1169 nuper
495 1094 565 1145 erat
586 1116 602 1132 ·
623 1103 686 1165 qua
704 1081 746 1146 sit
765 1080 891 1146 ratione
907 1095 1046 1166 reperta.

222 1168 313 1234 Tum
335 1168 412 1230 deus
436 1164 623 1246 „Arcadiae
645 1165 758 1250 gelidis
780 1165 814 1230 in
836 1164 1026 1230 6666611666α
1047 1164 1153 1251 inquit

223 1251 340 1334 „lnter
363 1247 612 1339 Hamadryadas
633 1249 842 1315 celeberrima
863 1247 1067 1316 Nonacrinas
1266 1244 1331 1314 6‘90

221 1335 322 1402 Nai'as
343 1355 409 1398 una
428 1333 509 1399 fuit:
530 1335 696 1424 nymphae
716 1331 861 1425 Syringa
881 1335 1054 1400 vocabant.

220 1421 297 1487 Non
319 1418 419 1483 semel
441 1433 472 1483 et
492 1415 629 1509 Satyros
651 1421 790 1484 eluserat
811 1419 869 1483 illa
890 1434 1069 1502 sequentes,

219 1504 264 1571 Et
285 1526 491 1588 quoscunque
513 1504 589 1568 deos
607 1506 823 1589 umbrosaque
841 1503 925 1568 silva
947 1503 1105 1588 feraxque

219 1588 289 1655 Rus
309 1588 417 1653 habet.
462 1586 637 1677 Ortygiam
658 1588 771 1654 studiis
792 1587 924 1676 ipsaque
945 1588 1071 1652 colebat

219 1671 415 1756 Virginitatc
437 1671 541 1737 deam.
583 1670 663 1738 Ritu
704 1697 810 1757 uoque
832 1672 936 1738 cincta
957 1670 1087 1737 Dianae
1207 1683 1213 1698 “
1264 1679 1328 1734 695

220 1758 249 1824 F
251 1759 374 1837 alleret,
398 1770 430 1820 et
451 1771 556 1844 posset
578 1756 666 1822 credi
684 1697 836 1838 lantonis,
859 1755 887 1822 si
909 1779 976 1822 non

221 1841 367 1909 Gorneas
388 1839 467 1905 huic
486 1856 591 1923 arcus,
613 1841 728 1907 sinon
748 1842 835 1907 foret
859 1863 977 1906 aureus
998 1839 1062 1907 illi.

220 1925 277 1993 Sic
298 1946 425 2012 quoque
446 1925 590 2005 fallebat.
634 1925 835 1991 Redeuntem
858 1926 941 1990 colle
963 1924 1095 2014 Lycaeo

218 2011 292 2078 Pan
312 2009 402 2076 videt
420 2007 515 2092 banc,
537 2007 681 2097 pinuque
703 2026 799 2099 caput
820 2010 1023 2098 praecinctus
1045 2024 1139 2075 acuta

134 2150 200 2206 716.
220 2145 332 2201 1666666
350 2152 381 2198 at
398 2151 441 2198 tu.
478 2143 550 2210 Quod
568 2158 633 2196 6666
652 2152 709 2212 post
748 2160 774 2211 p.
785 2144 889 2195 415.-
904 2144 1083 2212 Nonacrinas,
1097 2142 1228 2197 aNonaeri
1241 2150 1327 2194 monte

133 2220 262 2276 lloiosium
275 2217 434 2285 provulgata
447 2221 499 2265 est:
750 2221 776 2265 et
790 2215 877 2282 oppido
905 2214 1038 2266 Arcadiae.
1083 2215 1147 2266 Plio.
1173 2212 1206 2266 N.
1229 2212 1262 2264 ll.
1290 2212 1325 2265 11.

208 2288 276 2342 Voce
283 2293 460 2353 nooaooptus
469 2283 708 2337 custosJunonius:
750 2300 774 2334 c.
791 2284 851 2335 103.
875 2283 950 2335 (Ioni.
965 2284 1027 2336 Met.
1042 2284 1074 2349 ll,
1088 2283 1150 2335 460.

374 2357 455 2407 Atta
474 2391 481 2404 .
503 2389 540 2404 ..
786 2353 846 2409 601.
866 2352 985 2422 Satyros.
1004 2354 1062 2407 Vid.
1076 2355 1145 2405 adv.
1160 2351 1219 2403 103.
1239 2351 1326 2404 61666-

133 2429 266 2479 conlatum
278 2429 343 2475 este
358 2424 454 2474 duabus
467 2423 621 2473 diversorum
639 2423 707 2472 sodi·
749 2429 809 2488 rut,
827 2438 902 2474 66666
920 2432 1045 2475 66666666.
1078 2423 1152 2473 6661.
1164 2420 1238 2486 Vlll,
1259 2421 1324 2473 688.

133 2512 190 2547 oum
208 2493 379 2555 variantibus,
404 2508 451 2558 quo
470 2491 531 2540 nibil
548 2497 631 2555 potest
650 2508 706 2542 esse
751 2491 834 2559 Satyri
848 2492 872 2541 in
886 2493 1065 2560 amorasprooi
1080 2492 1172 2558 passim
1186 2491 1324 2554 linguaton.

133 2567 160 2616 in
173 2561 400 2615 66666166666166.
419 2589 442 2597 —
461 2559 520 2610 670.
535 2559 655 2626 qusquis
668 2577 706 2612 66.
751 2551 825 2611 Cani.
839 2560 909 2625 XIV,
927 2561 986 2613 137.
1006 2589 1038 2600 -
1064 2560 1124 2612 603.
1142 2560 1215 2611 Multi
1233 2560 1322 2611 Helas.

133 2634 208 2685 Conl.
229 2647 255 2682 v,
278 2629 309 2694 ll,
326 2629 385 2684 602.
400 2637 509 2696 poteras
520 2656 553 2668 -
566 2631 706 2682 considere.
750 2638 776 2680 66
786 2629 859 2682 Vrat.
871 2631 1031 2696 ambroseos,
1045 2629 1115 2695 Lips.
1124 2630 1151 2683 2.
1165 2630 1326 2681 umbrosam

133 2704 172 2755 166
185 2704 233 2752 duo
246 2702 354 2761 666666,
371 2698 439 2761 Gal,
455 2697 525 2766 Lips.
539 2699 577 2761 2.,
590 2700 707 2750 meliores
749 2715 771 2750 s.
780 2704 901 2781 ferqaos,
914 2701 978 2765 qnod
987 2707 1080 2750 temere
1091 2698 1186 2763 recepit
1193 2698 1323 2751 Heinsius.

133 2772 221 2824 lleins.
241 2777 267 2819 et
279 2775 342 2818 vett.
356 2769 413 2819 edd.
433 2767 581 2834 -Reliqui
594 2769 704 2835 poteris.
749 2768 847 2834 Reliqui
860 2784 983 2819 consensu
1002 2783 1087 2819 omnes
1105 2768 1171 2833 quod
1187 2768 1322 2819 edidimus.

134 2837 350 2900 6661011147.
368 2836 440 2899 virg.
452 2836 509 2888 Ecl.
523 2836 543 2900 1,
558 2837 602 2888 86.
784 2838 844 2889 604.
863 2837 1010 2906 Ortygiam,
1028 2837 1143 2899 Dianam,
1164 2837 1194 2887 ab
1216 2837 1324 2906 Ortygia

202 2909 255 2960 Hie
273 2914 363 2960 tamen
381 2906 452 2956 lsanc
472 2923 574 2959 aueum
593 2914 706 2974 poteras
747 2906 943 2957 6666666οωί66
956 2907 1014 2958 Deli
1028 2905 1191 2973 (Χ7,337.),
1204 2907 1247 2956 ubi
1262 2914 1324 2959 6616

339 2977 500 3044 requiescere
515 2983 626 3028 noctem.
748 2983 812 3026 6666.
833 2974 896 3039 ¹Vid.
908 2990 935 3024 v.
955 2977 1017 3027 454.
1030 2983 1057 3026 66
1067 2976 1135 3026 6661.
1154 2974 1187 3039 V,
1210 2975 1271 3026 640.
1287 3006 1323 3019 -

132 3046 215 3110 blan,
245 3045 328 3107 Tho„
356 3044 430 3096 Leid.
455 3052 481 3095 et
501 3043 534 3097 tv
552 3044 640 3096 116166.
664 3062 705 3097 re-
747 3043 820 3094 Leid.
837 3045 992 3112 studiisque.
1031 3045 1184 3111 scripturam
1207 3045 1324 3114 aptaque

132 3119 264 3187 quiescere
277 3130 291 3165 6
304 3113 375 3177 virg.
389 3116 408 3166 l.
423 3115 442 3165 l.
456 3113 529 3164 Leid.
544 3115 618 3178 61666,
638 3113 703 3165 Lov.
747 3113 866 3164 exhibant
882 3114 957 3166 Goth.
970 3116 988 3169 2
1002 3121 1028 3164 66
1039 3130 1055 3165 6
1068 3131 1135 3165 corr.
1152 3114 1188 3178 1.,
1206 3114 1281 3166 Vrat.
1296 3125 1323 3170 66

130 3196 157 3239 66
170 3187 308 3252 complures
321 3184 408 3234 lleios.
424 3185 571 3237 6666166666.
746 3183 920 3246 cmtigatiores
939 3184 1026 3236 lleina.
1052 3211 1086 3226 -
1107 3183 1201 3248 Vulgs
1220 3185 1323 3253 specu.

166 3256 226 3307 680.
246 3255 301 3305 Duo
321 3253 381 3302 dicit
397 3253 495 3316 Argos,
515 3255 598 3304 locum
618 3252 705 3320 copio-
747 3253 947 3321 6666661666.
962 3252 1320 3308 066666666166661.6.476.

130 3343 188 3378 sam
198 3325 319 3391 praebere
331 3322 437 3374 barbam
446 3322 542 3390 pecori,
555 3330 581 3372 et
588 3322 704 3392 pastori-
782 3322 843 3373 605.
863 3323 960 3375 cineta·
978 3322 1037 3375 Vid.
1053 3323 1083 3373 ad
1098 3322 1142 3385 lll,
1159 3321 1218 3373 156.

131 3395 180 3447 166
191 3402 301 3463 gratam
312 3393 441 3444 umbrans.
456 3392 639 3457 —secundior
649 3393 702 3442 b.l.
782 3390 842 3442 606.
861 3391 994 3457 bannia,
1016 3391 1097 3442 111666
1118 3391 1230 3443 Latonae
1254 3394 1319 3445 lilia.

130 3471 170 3516 est
181 3480 225 3531 pro
237 3463 348 3515 uberior.
357 3490 391 3503 -
405 3462 490 3521 6666,
502 3461 579 3513 Voss.
592 3468 618 3511 et
628 3460 702 3511 Leid.
745 3458 781 3511 lll
794 3460 902 3524 beram,
917 3461 1013 3524 66661,
1032 3460 1134 3523 oreae,
1156 3460 1225 3522 Gal,
1241 3461 1318 3515 osu.

129 3550 177 3587 nec
190 3533 267 3585 enim.
746 3527 771 3579 1.
784 3530 822 3592 2.,
842 3527 912 3595 Lips.
925 3531 963 3594 2.,
984 3528 1057 3580 Vrat.
1069 3536 1096 3579 66
1104 3535 1166 3579 vett.
1179 3531 1238 3580 edd.
1256 3548 1322 3599 pos·

164 3604 225 3659 682.
256 3600 438 3662 Atlantiades,
473 3597 582 3648 Atlantis
615 3613 701 3664 nepos.
744 3605 785 3650 set
810 3599 893 3664 credi,
929 3600 994 3665 quod
1015 3599 1097 3664 potius
1118 3613 1175 3649 esse
1200 3600 1318 3655 dixerim.

127 3673 186 3727 Vid.
202 3674 234 3724 ad
244 3687 270 3722 v.
286 3672 346 3722 680.
360 3697 395 3710 -
414 3667 474 3717 683.
493 3667 614 3732 domuit,
628 3683 702 3717 occu·
742 3667 843 3719 tata.
861 3667 1318 3730 Viv.‚Flor.,Vat.sts1iiutasdt.

128 3744 211 3810 pavit,
231 3740 343 3803 ut³llrgo
362 3753 410 3789 non
431 3737 554 3786 sentiente
571 3737 700 3786 transiret.
779 3736 840 3788 608.
858 3738 904 3804 sia,
918 3736 1030 3803 66666νὶ6
1042 3750 1126 3786 arcum
1139 3737 1221 3789 minos
1234 3742 1320 3806 splen·

128 3811 201 3860 Pom,
216 3808 257 3869 lV,
268 3808 310 3870 10,
320 3809 362 3859 67.
382 3805 486 3858 detinui
495 3814 597 3874 tempus
610 3822 701 3858 66666.
744 3807 825 3856 didum
838 3821 938 3869 gamos.
954 3833 982 3842 -
1004 3804 1064 3856 600.
1086 3805 1144 3856 Pan
1156 3806 1217 3858 deus
1231 3823 1320 3873 agres-

129 3894 180 3946 666
191 3878 289 3939 Jeselli.
309 3876 386 3926 Trist.
401 3875 433 3937 V,
450 3875 474 3937 7,
489 3876 532 3927 30.
743 3876 785 3939 tis,
805 3876 845 3940 qui
862 3874 981 3941 imprimis
995 3875 1020 3924 16
1038 3875 1139 3943 Lycaeo
1158 3883 1185 3926 et
1201 3875 1319 3931 Maenala

197 3945 308 3997 Detineo
326 3945 420 3996 studiis
442 3946 560 3998 animum
577 3945 701 4012 falloque
742 3944 865 3995 Arcadiae
891 3944 1015 3994 montibus
1035 3944 1148 3994 habitam
1168 3945 1318 4009 lingebatur.

337 4015 447 4071 dolores.
743 4012 851 4063 Tbeoor.
865 4010 885 4076 1,
901 4012 960 4067 123.
979 4012 1051 4076 virg.
1067 4012 1159 4075 Geoog.
1175 4014 1195 4077 l,
1211 4015 1253 4068 16.

164 4082 224 4134 685.
239 4088 352 4148 pugnat
364 4081 487 4132 66666666.
507 4081 581 4131 6661.
596 4079 628 4143 V,
638 4079 698 4131 340.
812 4081 873 4150 lpse
890 4097 982 4134 nanus
995 4083 1115 4149 16666666
1128 4084 1248 4147 patruum
1263 4087 1318 4139 oal-

0 4111 40 4217 ,s
128 4153 230 4204 666-
247 4148 699 4216 oao.quanvtssuninats.11,177.
951 4159 1047 4219 nane
1062 4151 1168 4219 6666,

164 4220 225 4272 680.
244 4220 281 4270 in.
301 4219 396 4280 116661,
410 4216 482 4267 Leid.
498 4223 524 4265 et
535 4217 599 4267 alins
613 4219 699 4269 lleins.
814 4217 873 4270 Pan
887 4219 974 4272 666166
985 4228 1074 4272 666666
1094 4257 1101 4271 .
1122 4257 1129 4270 .
1151 4257 1158 4270 .

127 4288 240 4341 661.-
266 4288 326 4339 606.
346 4286 550 4353 Hamadryades
568 4288 699 4352 nymphae,
738 4286 859 4356 pinuque
868 4297 950 4355 caput
955 4291 1128 4358 murcinctus
1137 4299 1230 4343 acuta.
1244 4288 1315 4355 XIV,
1383 4302 1391 4321 ¹

127 4373 190 4427 quae
210 4358 236 4408 io
261 4356 392 4408 arboribus
418 4354 536 4422 imprimis
561 4354 701 4419 quercubus
743 4357 803 4407 638.
824 4367 851 4410 et
860 4359 930 4425 pinu
943 4361 1096 4427 praecincti
1104 4377 1204 4413 cornua
1219 4363 1316 4414 Panes.

126 4428 223 4489 616666,
250 4435 276 4479 66
295 4442 345 4477 666
365 4441 420 4477 eum
438 4424 568 4475 arboribus
588 4423 657 4474 nasci
675 4431 702 4474 et
741 4426 830 4478 Acuta
849 4428 921 4493 pinus
941 4429 1033 4481 dicitnr
1052 4445 1067 4481 a
1089 4431 1168 4483 forma
1190 4431 1316 4483 loliorum.

108 4497 182 4546 mors·
198 4496 372 4560 6666166666.
410 4492 699 4549 1066160666161.
740 4494 816 4548 Cani.
830 4494 875 4563 117,
892 4497 952 4549 tot.

231 4746 264 4781 un
377 4776 382 4783 .
