2864 4890
521 184 625 238 ovim!
643 182 951 237 Marinourflosus‘.

221 339 296 407 Jam
320 340 391 404 loca
410 337 602 405 vulneribus
623 337 750 402 desunt.
794 334 902 403 Gemit
921 334 990 418 ille,
1010 358 1196 427 sonumque

222 424 293 490 Etsi
315 447 382 488 non
404 422 556 503 hominis,
578 445 673 507 quem
694 437 890 486 nontamen
913 421 1008 486 edere
1027 423 1129 509 possit

224 507 362 588 cervus,
385 508 481 572 habet
502 507 693 591 maestisque
714 506 817 606 replet
837 503 914 594 juga
936 519 1012 571 nota
1033 507 1186 591 querelis,

222 592 266 657 Et
286 593 422 677 genibus
444 591 555 678 pronis
575 591 715 678 supplex
735 589 912 675 similisque
934 590 1064 676 roganti
1274 606 1335 664 240

225 674 424 742 Circumfert
443 675 567 756 tacitos,
589 690 644 740 tan
666 697 742 738 uam
761 697 819 740 sua
842 673 987 756 brachia,
1008 676 1133 745 vultus.

223 762 271 826 At
291 761 421 826 comites
442 760 593 848 rapidum
613 699 715 824 solitis
737 758 917 825 hortatibus
939 781 1058 845 agmen

222 844 239 911 l
263 845 334 910 nari
354 845 507 930 instigant
528 843 693 929 oculisque
711 842 878 909 Actaeona
903 859 1074 928 quaerunt,

257 946 268 994 t
286 931 377 997 velut
396 931 559 994 absentem
581 927 727 993 certatim
747 927 916 993 Actaeona
935 929 1087 1012 clamant,
1106 966 1129 979 -

222 1016 277 1080 Ad
299 1037 419 1081 nomen
441 1029 536 1100 capnt
555 1013 611 1077 ille
633 1013 746 1095 refert,
760 1048 781 1061 -
810 1027 841 1077 et
859 1013 969 1077 abesse
990 1029 1171 1098 queruntur
1271 1024 1330 1082 24⁵

221 1098 292 1165 Nec
314 1122 426 1186 capere
446 1099 572 1163 oblatae
593 1119 725 1183 segnem
746 1097 927 1183 spectacula
948 1098 1098 1184 praedae.

221 1182 331 1249 Vellet
350 1184 460 1247 abesse
481 1182 622 1267 quidem,
646 1182 701 1246 sed
724 1181 828 1261 adest3
850 1182 1011 1265 velletque
1031 1182 1159 1268 videre,

221 1266 300 1333 Non
321 1266 417 1332 etiam
438 1266 556 1331 sentire
578 1289 695 1331 canum
715 1265 786 1330 fera
807 1266 892 1329 facta
913 1288 1059 1331 suorum.

222 1351 375 1437 Undique
396 1351 614 1432 circumstant,
637 1350 813 1435 mersisque
831 1349 867 1413 in
889 1373 1025 1436 corpore
1046 1350 1160 1417 rostris

221 1435 412 1501 Dilacerant
431 1435 505 1500 salsi
529 1435 697 1500 dominum
717 1436 777 1500 sub
799 1433 942 1520 imagine
964 1435 1072 1518 cervi3
1267 1447 1330 1504 260

218 1519 289 1586 Nec
308 1520 372 1585 nisi
392 1519 482 1585 finita
503 1544 561 1609 per
581 1519 722 1608 plurima
742 1519 880 1585 vulnera
902 1518 972 1585 vita

220 1603 273 1670 lra
295 1605 497 1693 pharetratae
517 1605 622 1669 fertur
642 1603 755 1669 satiata
775 1603 917 1668 Dianae.

261 1688 388 1755 Rumor
408 1689 443 1754 in
465 1689 551 1754 ambi
574 1712 618 1754 uo
639 1704 700 1753 este
724 1687 796 1752 aliis
816 1687 992 1754 violentior
1012 1709 1116 1773 aequo

220 1772 300 1838 Visa
324 1775 381 1837 dea
400 1788 458 1854 est,
479 1773 536 1837 alii
552 1713 692 1837 laudant
712 1771 906 1857 dignamque
926 1795 1040 1839 severa

221 1857 417 1943 Virginitate
436 1873 574 1924 vocant:
595 1880 669 1945 pars
690 1857 817 1922 invenit
834 1873 972 1942 utraque
994 1878 1117 1936 causas.
1264 1869 1325 1924 255

219 1939 300 2007 Sola
320 1940 412 2008 lovis
435 1940 557 2033 conjux
576 1964 643 2006 non
664 1958 729 2007 tam
751 1944 900 2028 culpetne
919 1942 1075 2028 probetne

218 2026 402 2111 Eloquitur,
424 2050 520 2112 quam
541 2027 632 2091 clade
657 2027 771 2092 domus
792 2028 833 2091 ab
859 2028 1013 2113 Agenore
1033 2026 1149 2093 ductae

220 2112 357 2192 Gaudet,
381 2127 413 2176 et
433 2135 452 2175 a
474 2110 580 2199 Tyria
602 2112 771 2177 collectum
790 2110 906 2212 pellice
926 2112 1081 2176 transfert

217 2195 258 2261 ln
279 2195 408 2282 generis
425 2196 529 2261 socios
551 2195 673 2261 odium.
717 2193 823 2278 subn,
846 2218 930 2278 ecce,
951 2194 1055 2284 priori
1400 2268 1422 2282 Ι,

219 2279 323 2347 Gansa
345 2304 469 2361 recens,
492 2281 724 2367 gravidamque
746 2282 832 2346 dolet
854 2281 894 2345 de
913 2281 1035 2346 semine
1054 2279 1168 2367 magni
1260 2290 1321 2345 260

216 2364 296 2430 Esse
316 2363 407 2431 lovis
429 2363 598 2447 Semelen3
621 2380 691 2430 tum
710 2363 857 2450 linguam
879 2366 917 2429 ad
939 2363 1046 2451 jurgia
1068 2365 1187 2432 solvit:

216 2449 375 2532 „Proieci
395 2450 470 2534 quid
493 2450 581 2514 enim
601 2448 693 2515 toties
712 2474 770 2537 per
790 2447 957 2539 jurgia?“
979 2450 1082 2516 dixitt

217 2532 317 2621 „lpsa
337 2535 472 2621 petenda
495 2533 576 2599 mihi
597 2549 664 2615 est;
685 2533 801 2622 ipsam,
824 2535 851 2599 si
874 2535 1018 2600 maxima
1038 2533 1125 2601 Juno

165 2727 228 2783 238.
246 2726 298 2779 etsi
306 2742 359 2778 non
370 2733 419 2778 etc.
435 2725 509 2776 Coni.
524 2724 556 2787 11,
571 2725 631 2777 667.
642 2725 703 2780 268.
745 2725 821 2791 Jove,
845 2733 964 2779 monente
982 2743 1052 2795 quoe
1065 2687 1140 2780 ‘unilt'
1154 2723 1252 2778 halitu
1263 2739 1318 2777 seut

166 2799 227 2851 239.
244 2805 319 2862 noto,
329 2797 355 2845 in
369 2796 457 2862 quibus
470 2795 555 2845 venari
567 2812 705 2847 consuere·
747 2797 850 2847 adierat
861 2797 971 2862 lunone,
990 2799 1067 2849 deam
1077 2802 1169 2864 rogat,
1185 2803 1219 2848 ut
1230 2794 1318 2847 cana
1393 2809 1417 2816 ’-

131 2865 386 2929 momentote.
746 2867 886 2934 quaupud
896 2868 1024 2919 lunonem
1035 2868 1164 2934 specieuc
1178 2866 1319 2929 majestate
1414 2889 1431 2896 ⁶

146 2964 149 2973 ·
166 2936 227 2989 246.
245 2937 357 3004 genibus
366 2934 457 3003 pronis
465 2934 501 3000 (q.
511 2949 535 2983 e.
546 2931 629 2997 flexis)
641 2948 704 2999 sup·
746 2937 820 3002 opud
830 2952 858 2985 se
870 2937 990 2989 intraret.
1024 2941 1081 3006 Quo
1093 2952 1153 2988 cum
1159 2937 1277 3000 suintino
1287 2950 1319 2985 ao

126 3005 200 3072 plen.
226 3005 293 3056 llaec
306 3012 346 3055 est
358 3004 449 3071 optima
461 3003 584 3068 scriptura
596 3002 703 3052 omnium
746 3006 846 3057 tonitru
859 3008 976 3059 intrante
986 3008 1034 3058 itta
1042 3006 1156 3070 fulmine
1164 3006 1256 3071 periit.
1273 3004 1317 3057 ln·

130 3091 205 3142 prope
225 3076 346 3125 codicum.
378 3074 494 3124 Heinsius
512 3080 594 3122 tameo
617 3072 703 3136 coujc-
740 3077 808 3139 sons
821 3075 880 3140 (luit
893 3077 1106 3142 autemssocclms)
1120 3074 1317 3127 attererent·
1398 3109 1400 3112 <

129 3153 225 3195 curram
244 3160 314 3194 suam
333 3145 402 3194 dedit
419 3144 529 3210 supplex
547 3142 653 3208 pronis,
678 3148 704 3191 ot
745 3146 919 3211 ulooereptus
927 3146 1139 3212 primumsoruri
1147 3145 1213 3211 ejus,
1227 3144 1317 3197 morde

130 3216 216 3265 aliiex
230 3212 309 3262 Rhea.
325 3221 386 3262 etv.
400 3215 419 3263 l.
440 3212 620 3261 uniusssonoo.
640 3226 703 3277 sup·
744 3215 864 3281 nymphis
883 3215 995 3282 Nysaeis
1013 3216 1166 3268 menardus
1190 3215 1315 3279 truditur.
1398 3212 1401 3217 ’

125 3285 190 3349 plsx
199 3283 302 3349 positis.
333 3280 401 3330 Unus
413 3279 505 3332 Medic.
520 3287 545 3330 et
565 3280 619 3330 Sir.
640 3296 703 3345 sup·
745 3283 861 3349 Apollod.
883 3283 926 3335 lll.
947 3287 1010 3336 cl.
1038 3287 1102 3354 Hyg.
1121 3285 1152 3335 F.
1175 3284 1235 3337 lot.
1256 3282 1315 3337 1⁷9.
1396 3307 1432 3339 ,Α

125 3353 192 3418 plear
209 3352 299 3417 flexis.
333 3349 367 3399 lll
387 3351 481 3400 Heinsii
499 3351 612 3418 genibus
628 3349 702 3414 susis
744 3353 831 3420 Eurip.
846 3354 938 3404 Bacch.
951 3371 977 3405 v.
994 3355 1017 3406 l.
1031 3355 1075 3406 89.
1089 3362 1116 3406 et
1127 3354 1190 3410 285.
1398 3390 1401 3397 .

128 3421 250 3488 supplex.
270 3447 303 3459 -
320 3419 382 3472 242.
402 3421 514 3470 comites.
528 3417 586 3469 Vid.
600 3434 625 3467 v.
641 3418 701 3470 142.

130 3490 151 3542 ll
165 3492 272 3551 Belum,
287 3488 382 3550 Betui,
395 3488 497 3548 Dresd.‚
510 3487 631 3548 Goth.2.‚
645 3487 700 3537 Pal.
778 3491 840 3544 253.
852 3509 948 3558 mutor,
962 3509 999 3543 sc.
1013 3478 1317 3558 liquefactionem
1419 3502 1426 3511 ‘

127 3542 1412 3630 nmsnmmasmsnnmmn-mnfflmnm.⁵

126 3649 190 3685 nnus
204 3631 262 3680 Vat.
277 3628 354 3691 ciet,
368 3627 451 3689 Vtut„
469 3626 702 3692 plnrimivetustio-
741 3645 766 3679 v.
789 3630 849 3681 164.
869 3661 901 3670 -
919 3631 981 3686 258.
1001 3648 1019 3682 a
1040 3632 1123 3700 Tyrio
1137 3633 1244 3699 pellice,
1264 3630 1316 3683 Eu·
1402 3632 1408 3673 ἶ

128 3702 227 3769 res(?)
254 3700 339 3750 Heius.
366 3704 391 3748 et
415 3697 456 3746 ed.
482 3712 520 3762 pr.
546 3696 698 3748 latratibus.
741 3699 964 3765 ropaPhoenissu,
986 3701 1073 3752 Cadmi
1086 3718 1189 3767 sorore,
1209 3700 1316 3753 minse
1403 3702 1408 3711 '

128 3773 212 3834 Donn,
231 3770 306 3821 Goth.
322 3769 346 3820 l.
367 3775 393 3818 et
410 3767 521 3817 nonnulli
539 3765 625 3816 Heius.
645 3767 700 3816 cla·
740 3776 821 3834 rapta.
842 3769 900 3820 Vid.
914 3771 946 3820 ad
958 3785 984 3820 v.
994 3771 1068 3822 1.35.
1083 3779 1108 3822 et
1120 3770 1153 3834 ll,
1165 3769 1315 3823 aso-875.
1411 3799 1412 3802 κ
1423 3787 1432 3820 5

127 3842 249 3890 morione.
265 3869 297 3878 -·
310 3840 386 3893 Vale.
400 3838 558 3889 hortatibus.
579 3835 653 3886 Cous.
663 3835 697 3898 X,
741 3866 773 3878 -
789 3840 933 3902 collectum,
947 3848 1109 3907 conceptum,
1128 3846 1157 3891 ut
1169 3839 1231 3891 alibi
1243 3839 1315 3891 dicit.
1405 3844 1408 3853 ¹
1427 3877 1432 3888 ,

129 3903 697 3975 537.-243.ocnlis-pesuerunt.lV,l2ll.
742 3906 816 3958 Cotti.
842 3907 868 3971 l,
894 3910 956 3962 234.
983 3938 1014 3948 -
1038 3911 1099 3964 256.
1118 3910 1223 3978 ‚‚sulit‚
1249 3926 1316 3977 ecoe,
1409 3949 1412 3960 .

162 3978 223 4030 245.
242 3977 390 4027 adnomen.
411 3977 484 4027 Conf.
500 3977 542 4038 tv,
553 3976 612 4026 145.
627 3982 653 4024 et
664 3974 697 4037 V,
736 3977 821 4042 priori
837 3994 936 4029 cousus
959 3979 1081 4030 dolendi.
1098 4017 1104 4030 .
1121 4017 1128 4029 .
1143 3980 1160 4007 “
1183 4006 1219 4020 -
1247 3978 1319 4032 lit·
1404 3986 1412 4039 Ξ

127 4046 187 4096 566.
201 4073 234 4084 -
247 4047 334 4109 refert,
348 4047 463 4094 reflectit.
483 4046 598 4095 Heinsius
608 4045 698 4094 iterum
739 4046 862 4114 lingnam
874 4049 1017 4116 adjungio
1028 4050 1119 4114 solvit,
1133 4049 1242 4113 jurgare
1254 4050 1318 4101 inci·

126 4117 294 4180 conjecturam
315 4129 359 4177 pro
379 4114 468 4176 optima
488 4115 611 4179 scriptura
629 4114 699 4163 codi-
739 4116 784 4180 pit.
811 4115 873 4182 (Sed
885 4133 952 4177 mox,
973 4134 1089 4182 quorsum
1107 4121 1188 4169 haec?
1206 4118 1316 4184 ioquin)
1403 4124 1408 4173 Ξ

125 4200 181 4234 cnm
201 4184 269 4233 dedit
287 4188 313 4231 et
331 4181 443 4245 scripsit:
465 4182 590 4235 clamant.
615 4184 657 4234 Ad
668 4199 696 4233 n.
741 4186 812 4252 Quid
820 4187 896 4238 enirn
915 4186 991 4239 toties
1005 4205 1055 4254 per
1072 4188 1171 4257 jurgiis
1190 4188 1318 4255 profeci?
1403 4202 1412 4253 ζ

125 4272 148 4304 c.
157 4254 175 4304 i.
188 4258 279 4315 refert,
291 4259 328 4301 ut
339 4251 430 4300 obesse
441 4258 490 4300 etc.
504 4279 527 4286 —
545 4252 606 4303 256.
615 4254 696 4316 salsi.
738 4254 776 4304 lle
789 4256 898 4320 elliptica
917 4257 962 4306 illa
980 4259 1092 4309 oratioue
1108 4259 1160 4308 vid.
1176 4258 1271 4309 lleind.
1284 4258 1316 4309 ad

124 4317 587 4387 imnmnmmum.
739 4299 1432 4390 immusmaffimmm.·s

157 4388 694 4456 2516666466556.66116378.
738 4391 813 4442 Tusc.
834 4393 855 4444 l.
876 4410 899 4444 c.
915 4395 941 4446 6.
978 4396 1015 4448 De
1029 4398 1161 4464 soliloquio
1179 4398 1223 4448 illo
1243 4397 1314 4449 conl.
1372 4394 1379 4419 '

153 4529 215 4584 253.
234 4527 513 4596 SemeioCodnifiliu
528 4527 644 4597 gravido
662 4528 695 4581 de
737 4460 1053 4603 11265155511815666.
1085 4535 1122 4589 De
1140 4535 1193 4588 illis
1210 4536 1240 4590 si
1255 4552 1316 4593 run
