2864 4890
496 171 603 227 ovlolt
626 170 938 227 llldeblOllPllilSllS.

203 327 337 395 Numen
357 323 449 390 abire
465 321 574 415 jubet,
594 324 771 413 prohibent
791 324 956 389 discedere
975 325 1078 411 leges,

203 414 377 495 Poenaque
397 434 486 476 mors
507 409 612 498 posita
634 424 682 474 est
702 409 843 497 patriam
861 425 989 474 mutare
1007 407 1154 475 volenti.

206 495 370 563 Candidus
392 517 513 559 oceano
532 493 672 560 nitidum
688 510 791 581 caput
811 494 979 559 abdiderat
999 490 1072 576 Sol,
1220 546 1223 551 .
1279 501 1315 556 30

204 582 248 648 Et
270 593 365 669 capnt
387 581 547 644 extulerat
568 578 755 644 densissima
778 579 940 643 sidereum
959 577 1060 658 Nox3

206 666 306 731 Visus
327 664 438 728 adesse
459 664 547 728 idem
569 665 646 728 deus
668 679 716 729 est
737 665 912 749 eademque
933 685 1081 744 monere,

206 751 268 832 Et,
291 748 355 814 nisi
374 748 538 836 paruerit,
560 750 655 836 plura
675 764 707 814 et
727 748 883 834 graviora
903 746 1034 811 minari.

208 833 405 915 Pertimuit,
428 834 633 922 patriumque
653 833 752 899 simod
773 832 950 898 transferre
968 831 1107 931 parabat

209 920 250 986 ln
271 920 361 984 sedes
383 919 547 1005 penetrale
568 941 681 983 novas.
724 917 779 983 Fit
800 940 951 982 murmur
972 940 1009 980 tn
1032 915 1130 996 urbe,
1278 921 1312 977 35

210 1002 467 1091 Spretarumque
488 1003 597 1103 agitur
616 1003 726 1088 legum
747 1025 842 1084 reus,
864 1017 962 1086 utque
979 1014 1112 1088 peracta
1131 1011 1181 1063 est

211 1087 316 1155 Causa
360 1086 447 1169 rior,
470 1110 656 1172 crimenque
699 1103 763 1153 atet
783 1088 853 1152 sine
876 1100 954 1151 teste
976 1086 1174 1172 probatum

211 1171 327 1258 Squali
349 1195 388 1237 ue
410 1173 450 1237 ad
471 1194 604 1259 superos
626 1112 743 1237 tollius
764 1192 839 1236 reus
862 1194 919 1235 ora
936 1191 1118 1253 manusque

227 1257 305 1340 ‚,‚0
328 1254 419 1344 cujus
442 1259 570 1321 coelum
596 1257 643 1322 bis
664 1280 724 1321 sex
745 1257 853 1321 fecere
873 1256 1011 1335 labores,

212 1304 279 1408 lter
299 1346 447 1430 precor“
469 1340 576 1428 inquit
596 1363 744 1430 „opemz
766 1364 844 1404 nam
869 1355 906 1404 tn
934 1337 1016 1403 milri
1038 1334 1192 1402 criminis

754 1427 939 1490 auctor.““
1280 1424 1316 1482 4⁰

214 1509 313 1590 „Mos
336 1523 406 1573 erat
430 1508 598 1594 antiquus,
621 1508 726 1575 niveis
747 1509 888 1593 atrisque
908 1505 1042 1594 lapillis,

213 1593 275 1659 llis
296 1595 451 1658 damnare
473 1617 562 1677 reos,
585 1594 651 1660 illis
673 1596 844 1661 absolvere
866 1594 975 1682 eulpa.

132 1814 159 1877 ¹2
180 1813 213 1878 lr
231 1810 275 1864 97·
293 1830 352 1866 mea
374 1830 457 1881 quum
472 1822 583 1883 pugnat
601 1822 707 1870 senten-
749 1817 807 1879 rol,
832 1815 957 1882 Capram,
974 1814 1099 1875 Fames,
1115 1812 1194 1865 Goth.
1210 1808 1253 1874 1.,
1267 1809 1318 1860 Par.

130 1886 172 1939 tiu
184 1900 280 1935 secum.
318 1883 393 1935 Conl.
407 1884 475 1934 inira
486 1900 511 1934 v.
528 1884 587 1936 848.
747 1887 792 1951 2.,
807 1885 902 1950 Sulm,
916 1885 1011 1936 Twisd.
1028 1884 1052 1934 1.
1066 1883 1112 1947 2.,
1128 1881 1234 1944 Ursin.,
1253 1880 1318 1931 Vrat.

167 1955 212 2007 28.
231 1952 341 2021 Lycurgi
355 1961 381 2003 et
393 1953 494 2003 Seleuci
512 1954 610 2016 legibus
629 1971 642 2005 e
661 1970 706 2020 pa·
748 1964 774 2005 ct
786 1956 827 2006 ed.
841 1971 879 2021 pr.
898 1983 926 1991 —
957 1952 1054 2019 Reliqui
1066 1953 1198 2014 tendens,
1213 1957 1320 2000 constan·

130 2024 181 2074 tria
193 2023 301 2087 migrare
314 2038 362 2071 uon
379 2022 487 2086 licebat;
508 2024 619 2074 mitiores
633 2024 706 2075 Solo·
747 2025 766 2074 ti
779 2025 866 2075 borum
879 2023 1009 2073 verborum
1023 2022 1224 2088 permutatione.
1242 2018 1320 2070 Utro!

748 2093 901 2155 veronen,
925 2093 1022 2143 nonnisi
1048 2091 1245 2141 accuratissima
1259 2086 1320 2138 codi-

748 2178 803 2213 enm
817 2163 951 2213 collatione
963 2161 1022 2211 sciri
1035 2167 1130 2226 potest.

784 2232 827 2282 39.
847 2249 888 2298 ,,ο
908 2232 987 2292 quato
1002 2231 1120 2295 coelum,
1145 2227 1222 2293 cujus
1241 2240 1319 2277 nuncu

748 2306 775 2349 et
785 2301 1011 2362 immortalitatem,
1031 2301 1070 2350 bit
1082 2316 1133 2350 sear
1145 2301 1241 2362 secere
1256 2296 1320 2347 inbo-

747 2386 803 2435 res,
823 2371 864 2435 qui
883 2370 922 2420 bis
940 2385 986 2420 sex
1003 2368 1135 2418 laboribus
1155 2366 1322 2417 immortalita-

748 2446 799 2488 tem
826 2447 851 2489 ct
875 2441 972 2488 coelum
997 2439 1042 2488 tibi
1060 2437 1216 2504 peperisti.“
1253 2435 1321 2500 Quen

749 2509 884 2572 simplicem
898 2509 947 2559 loci
960 2524 1059 2558 sensum
1072 2523 1129 2556 cum
1144 2522 1194 2555 non
1214 2509 1322 2571 caperent

750 2578 862 2643 librarii,
885 2579 1032 2643 scripturam
1057 2578 1131 2626 vario
1149 2577 1225 2625 modo
1245 2589 1321 2625 conu-

751 2655 849 2712 perunt.
887 2647 949 2697 Nam
962 2647 1074 2708 Arond.‚
1107 2646 1185 2696 Goth.
1199 2647 1246 2707 2.,
1265 2656 1320 2694 unus

751 2716 810 2766 Vnt.
826 2717 907 2777 Cios,
926 2717 996 2781 Lips.
1011 2718 1056 2777 2.,
1074 2715 1103 2765 X
1117 2716 1206 2764 lleins.
1226 2722 1251 2764 et
1263 2727 1321 2762 niar-

752 2801 783 2848 go
797 2785 930 2837 Farnes.o
951 2794 981 2838 tu
1000 2802 1075 2852 quem
1096 2785 1235 2845 celebrent,
1254 2783 1319 2847 Lipr.

753 2857 779 2910 2.
799 2862 855 2905 tum
868 2871 912 2920 pro
926 2864 965 2907 tu.
1003 2853 1071 2904 Unus
1085 2853 1181 2905 Medio.
1201 2859 1226 2902 et
1245 2853 1292 2901 01.
1306 2865 1319 2898 o

751 2926 829 2986 cujus
843 2926 974 2975 celebrem.
994 2925 1053 2974 Bas.
1068 2924 1095 2973 4.
1117 2939 1132 2973 a
1149 2924 1177 2977 2.
1196 2937 1245 2984 ru,
1265 2921 1319 2970 Bas.

753 2994 778 3044 3.
792 2996 817 3043 in
830 3009 909 3057 11113.
923 3012 937 3044 o
950 3003 979 3045 tu
993 3010 1069 3060 quent
1082 2994 1195 3044 coelum.
1232 2987 1319 3054 lleliqni

131 2093 170 2145 nis
182 2093 252 2156 leges
264 2091 449 2158 permittebant.
463 2088 521 2144 Vni.
537 2093 601 2144 Plnt.
618 2094 680 2144 Crit.

135 2198 139 2205 -
168 2163 211 2213 30.
231 2161 376 2226 condidus,
397 2177 413 2212 a
424 2177 485 2226 puro
498 2163 588 2213 nitore.
609 2162 667 2213 Tib.
683 2163 704 2226 l,

133 2232 165 2294 3,
181 2231 225 2282 94.
251 2231 368 2282 candida
385 2233 497 2282 Aurora.
541 2232 648 2294 Lucifer
665 2234 706 2285 cl-

132 2303 182 2353 bus
193 2300 262 2350 infra
272 2315 299 2350 v.
314 2299 375 2350 189.
412 2300 472 2350 Her.
486 2299 563 2360 XVl‚
585 2303 646 2354 320.

204 2369 347 2421 Candidior
358 2369 441 2419 medio
453 2385 506 2420 noa·
518 2372 566 2421 erit
578 2371 625 2422 illc
637 2373 688 2423 die.

132 2439 307 2506 Monosyllaba
326 2438 371 2487 illa
390 2439 414 2487 in
434 2432 481 2488 line'
502 2455 527 2489 v.
547 2441 590 2490 39.
611 2449 637 2491 et
661 2441 704 2492 31.

134 2522 189 2556 enm
202 2509 225 2556 vi
240 2508 288 2555 sibi
300 2507 465 2571 respondent,
480 2517 506 2558 et
518 2511 616 2559 omnino
630 2527 707 2575 qnae·

134 2577 207 2626 sitam
224 2576 261 2625 illi
279 2590 367 2625 versus
390 2576 482 2626 habent
504 2580 705 2630 concinnitatem.

134 2645 209 2694 Cani.
224 2643 286 2706 Vll,
307 2645 367 2695 833.
388 2644 459 2709 Virg.
472 2648 504 2698 A.
519 2648 557 2711 ll,
576 2650 638 2702 250.
653 2650 709 2702 ruit

135 2730 232 2766 oceano
243 2727 307 2764 noe.
327 2713 367 2775 V,
386 2713 429 2765 92.

203 2811 239 2823 -
251 2790 277 2833 et
290 2782 338 2832 lue·
349 2783 425 2832 tarde
437 2785 565 2836 discedere
575 2786 632 2838 visa

206 2851 404 2916 Praecipitatus·
422 2854 499 2919 aquis
518 2862 543 2904 et
561 2858 710 2921 aquisitae

343 2921 434 2987 surgit
446 2923 479 2970 ab
492 2924 582 2973 isdem

172 2988 215 3038 34.
233 2987 354 3054 petrium
367 3019 381 3027 -
394 2994 538 3054 penetrale,
553 2995 648 3057 patrios
662 3011 707 3060 pe-

137 3065 208 3107 nates
225 3064 251 3107 et
263 3073 352 3120 sacra,
372 3060 501 3110 continens
521 3078 564 3127 pro
577 3071 708 3115 contento:

137 3143 193 3178 nam
207 3135 308 3193 penates
320 3128 420 3178 stabant
433 3130 457 3179 in
470 3132 601 3195 penetrali.
634 3133 708 3184 Coni.

136 3197 201 3259 llll,
228 3197 290 3250 245.
315 3196 386 3261 Virg.
407 3199 439 3248 Α.
461 3199 484 3264 l,
512 3201 536 3251 b.
556 3203 587 3250 de
607 3202 707 3253 Aenea:

137 3269 199 3317 dum
218 3267 341 3318 conderet
364 3269 454 3319 urbem
473 3271 631 3337 inferretque
649 3273 709 3325 deos

136 3336 226 3389 Latio.
240 3364 274 3375 -
292 3337 351 3386 lias.
367 3337 392 3387 3.
412 3339 543 3390 extimuit.
566 3341 649 3390 Berol.
664 3359 710 3394 ear-

29 3430 38 3440 *
137 3405 251 3458 tremuit.
272 3403 336 3455 Mor.
353 3405 377 3454 1.
387 3408 557 3475 patriumque
564 3411 669 3476 pelam.

173 3475 216 3524 36.
242 3474 383 3541 agiturque
407 3492 484 3537 reus,
509 3486 657 3540 accusatur,
679 3496 711 3529 ex

133 3543 209 3607 jure3
229 3544 294 3608 apud
312 3542 437 3594 Nasonem
456 3545 575 3610 imprimis
593 3549 711 3615 frequens

752 3079 853 3126 omnes,
880 3071 908 3112 nt
927 3065 1114 3113 1811111111.-
1137 3063 1175 3113 bis
1197 3078 1244 3112 sea
1267 3059 1319 3109 ller

752 3134 814 3182 culis
828 3133 927 3183 labores
939 3149 1014 3198 snpra
1027 3130 1080 3196 lX,
1103 3131 1155 3185 182
1168 3148 1223 3197 sqq.
1238 3142 1318 3180 meno-

752 3202 879 3252 ratisunt.

787 3271 831 3319 11.
852 3272 988 3338 antiquus.
1025 3269 1061 3319 lta
1074 3276 1146 3319 recte
1164 3267 1244 3318 edidit
1255 3266 1318 3317 lleia·

753 3339 815 3401 sins,
830 3340 902 3405 idque
915 3341 995 3390 codex
1007 3339 1124 3401 Rerum,
1140 3338 1236 3402 Berol.‚
1250 3334 1317 3396 Cael,

754 3409 860 3474 llresd.‚
889 3410 963 3460 Goth.
991 3408 1016 3458 1.
1036 3408 1079 3472 2.,
1100 3407 1159 3457 Par.
1188 3409 1232 3468 2.,
1257 3404 1316 3455 vra.

754 3484 780 3526 ct
792 3479 832 3527 ed.
846 3495 884 3544 pr.
899 3486 1008 3528 tucatur.
1028 3477 1111 3539 Vulgo
1125 3477 1252 3544 antiquis,
1266 3471 1317 3540 qnod

754 3548 885 3612 probabile
904 3556 942 3597 est
959 3549 1009 3597 illis
1029 3546 1148 3596 ablativis
1167 3544 1317 3598 atreb-to·

137 3613 253 3663 l'ormnla.
286 3611 588 3679 Vid.n0s.ao'rrist.1‚
611 3617 693 3680 1,21.
750 3617 824 3684 pillis
838 3617 957 3679 originem
975 3631 1044 3666 snam
1063 3616 1167 3666 debere.
1191 3644 1224 3654 -
1254 3610 1319 3678 lapil-

174 3682 217 3733 37.
239 3699 323 3733 causa
337 3684 426 3749 prior,
446 3684 514 3749 prior
532 3700 623 3735 causae
643 3703 711 3752 pars,
755 3687 801 3750 lis,
823 3683 937 3753 ψὴᾳοις.
974 3685 1064 3736 Postea
1081 3687 1159 3735 ctiam
1175 3685 1245 3737 labae
1257 3694 1319 3731 usur·

139 3754 282 3802 scanditis
301 3753 489 3803 accusatoribus
507 3761 532 3803 et
551 3771 603 3804 reo.
619 3783 646 3792 -
660 3774 712 3824 pn·
754 3756 886 3821 pahantnr.

139 3827 176 3870 tet
189 3822 245 3869 sine
257 3830 321 3873 teste
330 3825 492 3889 probatum
512 3840 566 3873 nam
586 3825 638 3890 ipsc
657 3826 713 3894 My-
790 3826 833 3874 42.
853 3825 985 3875 absolvere
998 3825 1086 3890 eulpru.
1120 3822 1188 3872 Thu.
1202 3828 1227 3871 et
1237 3817 1318 3871 llcdit·

139 3889 222 3936 scelus
241 3897 295 3939 erat
312 3894 452 3943 confessus.
491 3892 643 3959 Scriptorum
662 3896 713 3946 cri·
755 3894 781 3943 4.
797 3896 899 3961 culpae.
933 3894 990 3945 Viv.
1005 3894 1077 3942 codd.
1093 3893 1175 3959 culpa
1189 3907 1214 3941 ν.
1228 3890 1319 3956 culpat·

141 3964 493 4021 menpueparetconfirmant
512 3963 621 4026 Drcsd.‚
641 3964 710 4030 Lips.
756 3962 863 4026 llresd,
897 3964 971 4014 Goth.
1001 3962 1039 4024 l.‚
1073 3961 1145 4027 Lips.
1172 3962 1217 4026 2.,
1246 3959 1319 4016 irat-2

140 4025 185 4084 2.,
207 4024 303 4087 Silhu,
324 4029 713 4094 Znioe.,melioreslleinsiiet
756 4031 851 4084 Znioe.
870 4040 896 4082 et
920 4031 981 4083 Xlll
1005 4032 1092 4082 lleins.
1119 4032 1226 4096 cnlpae.
1266 4025 1320 4077 cot.

140 4094 197 4142 edd.
213 4092 294 4142 Vcnn.
330 4095 392 4147 Nam
411 4102 479 4164 vulg.
502 4105 647 4171 crimenque
661 4120 713 4171 pu·
757 4102 870 4164 Bursm„
891 4102 992 4162 licrol.‚
1012 4101 1070 4150 Par.
1089 4101 1135 4163 2.,
1155 4099 1232 4150 XXV
1246 4096 1320 4147 lltitt·

141 4172 212 4224 rene,
234 4163 298 4228 qood
311 4167 453 4218 mendosum
467 4179 514 4222 est.
757 4177 782 4220 et
795 4173 835 4222 ed.
855 4187 893 4236 pr.
908 4171 1022 4237 culpem.
1061 4170 1119 4220 Par.
1143 4169 1183 4230 l.‚
1205 4169 1262 4218 Bas.
1274 4167 1323 4221 21

177 4233 220 4283 38.
242 4233 381 4300 squalr'dua
399 4237 430 4285 de
448 4252 517 4290 moro
536 4257 650 4304 reorum,
672 4242 713 4307 qni
756 4241 830 4291 211.
846 4248 871 4290 et
883 4241 971 4304 reliqui
985 4255 1038 4289 cum
1050 4240 1109 4289 edd.
1119 4239 1203 4288 Venn.
1217 4236 1323 4288 etl’ann.

140 4303 171 4349 ad
187 4303 383 4354 misericordiam
406 4312 605 4360 commovendam
630 4312 713 4374 nigras
757 4311 922 4376 abeoulpu,
945 4311 1108 4374 quodvernm
1129 4309 1240 4357 videtur.
1270 4304 1325 4355 Nn

140 4378 224 4419 vestes
237 4373 377 4436 induerent,
393 4376 496 4440 capillos
509 4385 534 4427 ct
546 4379 648 4430 barbam
657 4397 714 4446 pro·
756 4381 853 4447 culpae
864 4395 966 4446 parvam
979 4379 1054 4428 habet
1068 4378 1244 4427 auctoritatem
1252 4414 1260 4441 ,
1278 4373 1326 4425 111·

135 4440 276 4494 mitterent.
315 4443 572 4509 eonr.11,381.-
601 4450 715 4516 Scriptu—
755 4466 818 4516 pum
838 4458 863 4500 et
880 4450 977 4517 culpus
995 4463 1010 4497 a
1029 4448 1213 4498 consuetudine
1238 4440 1326 4496 uenti

126 4529 183 4567 rani
197 4516 295 4571 tollens
307 4523 414 4573 tuentur
426 4524 534 4587 uterque
545 4517 647 4571 bossin.
656 4558 665 4588 ,
673 4520 726 4570 tie-
767 4519 905 4568 annonem
914 4519 1030 4566 eominus
1039 4519 1160 4566 sanctona
1172 4524 1243 4568 snat.
