2864 4890
397 1216 1012 1322 Plautinum.

111 1533 214 1644 luter
235 1582 352 1647 multas
372 1605 455 1667 quae
479 1597 591 1648 nostra
613 1598 715 1648 aetate
735 1583 771 1646 in
793 1584 899 1648 lucem
913 1582 1105 1671 prodierunt
1126 1583 1167 1650 P.
1187 1585 1315 1651 Ovidii·

112 1687 252 1754 Nasonis
283 1689 588 1777 Metamorphoseon
617 1690 773 1754 editiones
804 1691 876 1755 talis
901 1690 1021 1757 horum
1057 1693 1164 1757 adhuc
1202 1691 1302 1756 editio

113 1791 294 1856 carminum
315 1792 568 1875 desiderabatur,
591 1816 672 1878 quae
695 1792 945 1858 emendatiorem
966 1793 1090 1883 pariter
1107 1793 1303 1881 scripturam

99 1908 144 1982 'et
169 1893 302 1959 idoneos
329 1910 399 1959 tum
437 1897 476 1959 ad
513 1911 641 1960 textum
669 1895 898 1960 stabiliendum
927 1910 1021 1981 atque
1043 1897 1303 1961 confirmandum

111 2009 181 2058 tum
202 1996 241 2058 ad
263 2012 376 2082 poetae
402 2019 532 2061 sensum
561 1996 790 2083 explicandum
818 2013 913 2080 atque
940 1998 1181 2063 inlustrandum
1212 2023 1303 2063 com-

111 2097 289 2161 mentarios
328 2096 517 2160 contineret.
572 2096 723 2180 Namque
759 2098 800 2160 G.
836 2097 877 2158 E.
908 2098 1045 2182 Gierigii
1076 2100 1173 2163 editio
1200 2098 1305 2185 major

111 2198 225 2286 paucis
248 2197 327 2260 locis
350 2195 492 2281 exceptis
514 2194 709 2280 scripturam
730 2197 799 2258 lere
821 2196 953 2260 exhibet
972 2196 1305 2265 Heinsio-Burman-

110 2302 268 2379 nianam,
298 2297 477 2361 innumeris
505 2319 608 2383 prope
642 2296 722 2361 locis
754 2313 940 2383 corruptam
969 2314 1063 2384 atque
1085 2302 1304 2388 depravatam.

113 2402 212 2486 Quod
235 2415 342 2464 autem
364 2400 404 2462 ad
426 2397 726 2484 interpretationem
747 2398 876 2474 attinet,
909 2401 1058 2482 quamvis
1079 2404 1317 2468 commentarii

114 2503 280 2569 doctrinae
301 2500 402 2587 copiis
435 2500 601 2565 abundent
628 2522 667 2564 ac
697 2516 810 2588 poetae
846 2517 988 2566 mentem
1024 2528 1120 2588 qnam
1153 2504 1304 2590 plurimis

114 2605 148 2670 in
170 2604 249 2668 locis
271 2603 347 2668 satis
368 2603 507 2667 feliciter
526 2602 719 2688 expediant,
750 2618 856 2667 tamen
875 2605 1008 2669 totidem
1028 2608 1098 2669 lere
1125 2606 1197 2668 aliis
1224 2607 1304 2670 loeis

114 2705 359 2794 perdifficilibus
381 2721 475 2790 atque
496 2703 659 2790 impeditis
687 2704 804 2768 idonea
833 2707 999 2771 annotatio
1021 2708 1239 2787 desideratur,
1266 2731 1304 2771 ac

114 2824 278 2896 praeterea
300 2808 419 2872 multos
437 2807 557 2871 habent
578 2807 1186 2894 errores·immensamqueferraginem
1208 2826 1303 2874 nota·

114 2934 189 2975 rum
212 2910 250 2974 ad
272 2933 343 2973 rem
362 2908 497 2972 minime
518 2907 766 2995 pertinentium
790 2933 872 2994 quae
892 2909 1022 2994 quidem
1040 2910 1120 2975 vitia
1137 2911 1304 2996 diligentia

114 3011 146 3080 J.
175 3010 255 3078 Chr.
289 3009 407 3092 Jahni,
444 3009 499 3095 qui
535 3010 663 3075 tertiam
699 3010 873 3074 editionem
911 3011 1133 3097 Gierigianam
1163 3015 1302 3094 curavit,

116 3115 263 3200 quamvis
290 3114 393 3177 multa
415 3112 605 3193 emendarit,
642 3112 813 3178 emendare
850 3113 960 3176 omnia
995 3136 1062 3177 non
1098 3114 1204 3200 potuit
1240 3115 1304 3178 nisi

116 3233 219 3282 totum
241 3239 321 3303 opns
343 3216 439 3302 plane
461 3216 647 3296 refingeret.
689 3211 804 3296 Neque
824 3236 906 3297 quae
920 3215 1153 3281 recentioribus
1176 3232 1302 3304 tempo-

114 3320 204 3384 ribus
230 3319 267 3382 iu
299 3315 473 3382 Germania
501 3314 692 3402 prodierunt
713 3316 795 3380 duae
823 3315 935 3380 aliae·
948 3341 1025 3381 nam
1046 3319 1190 3404 reliquae
1210 3322 1302 3384 nullo

117 3423 188 3486 fere
208 3423 280 3485 loco
304 3418 584 3483 numerandae-
616 3440 755 3502 eaquae
784 3419 823 3482 ab
851 3417 1036 3509 hujusmodi
1057 3421 1203 3486 'editione
1229 3421 1302 3512 jure

115 3547 152 3588 ae
172 3522 287 3586 merito
307 3520 526 3608 postulantur,
556 3534 721 3606 praestant
742 3521 963 3606 lectorumque
989 3522 1101 3586 usibus
1130 3523 1302 3605 statuique,

115 3624 219 3710 qualis
236 3648 325 3688 nunc
347 3624 464 3687 horum
486 3621 668 3687 studiorum
704 3637 769 3703 est,
796 3623 871 3687 satis
893 3624 1101 3710 respondent.
1153 3623 1302 3703 Quarum

114 3725 220 3816 major
248 3750 323 3790 cum
350 3723 589 3789 commentariis
620 3725 805 3810 germanice
834 3724 962 3810 scriptis
999 3723 1058 3785 etsi
1083 3723 1193 3788 multis
1222 3712 1301 3790 lodis
1383 3737 1392 3803 g

115 3828 365 3893 emendatiorem
387 3843 512 3892 textum
527 3827 633 3909 habet,
656 3842 762 3891 tamen
781 3821 934 3912 plns-DC
949 3823 1040 3908 locis,
1061 3840 1097 3891 ut
1110 3827 1214 3892 editor
1234 3828 1302 3916 ipse

115 3930 149 3994 in
172 3933 237 3993 fine
260 3930 364 4016 operis
386 3929 514 3994 invitus
535 3927 695 4015 prodidit,
717 3925 904 3990 manifestas
925 3923 1053 3993 Heinsii
1075 3931 1300 4017 corruptiones

114 4056 174 4120 pro
198 4030 391 4096 lectionibus
415 4028 588 4094 Ovidianis
617 4029 770 4108 retinuit,
800 4050 882 4113 quae
907 4027 942 4093 in
965 4030 1171 4096 annotatione
1190 4032 1301 4095 critica

113 4135 183 4201 sive
214 4133 452 4199 commentariis
481 4131 653 4219 pleraeque
679 4153 780 4216 prave
807 4144 839 4195 et
872 4130 987 4196 inscite
1021 4132 1240 4197 defenduntur
1269 4148 1300 4197 et

111 4259 247 4324 prorsus
276 4235 426 4300 inanibus
454 4232 652 4320 argumentis
677 4229 805 4297 Nasoni
824 4230 1044 4300 vindicantur.
1096 4233 1215 4298 Melior
1241 4250 1299 4313 est,

62 4405 66 4411 ,
111 4363 210 4426 quam
230 4339 288 4404 illa
310 4337 407 4404 editio
428 4338 579 4426 praebet,
601 4335 844 4424 interpretatio,
875 4335 1047 4424 praecipue
1066 4335 1102 4399 in
1124 4335 1298 4422 posteriori

1071 4436 1093 4475 s
