2864 4890
557 136 662 194 01111111
679 134 988 193 mammonas·

262 295 394 383 Lingua
412 292 514 387 jaret,
536 292 598 360 neo
617 316 689 361 vox
709 307 893 393 tentataque
912 291 1015 359 verba
1034 299 1230 379 66666ὴί66,
1263 296 1272 345 ³

265 380 509 466 conantemque
526 378 616 464 loqui
637 403 712 444 eum
731 400 890 466 sanguiue
910 377 979 444 vita
1001 377 1145 464 reliquit.

264 466 373 551 Quam
395 466 494 530 miser
515 501 531 516 ·
554 488 573 530 6
595 464 714 551 pietas!
738 499 756 516 ·
780 486 841 550 ego
862 477 939 528 tunc
961 477 1139 550 patruoque
1160 464 1311 532 dolorem

264 551 372 618 corde
394 550 476 633 tuli,
498 549 656 634 fratrique
677 548 733 636 pio
752 547 867 614 solatia
888 548 979 615 dixit

263 636 356 721 Quae
376 650 468 723 pater
485 635 570 699 haud
592 634 705 715 aliter,
732 657 830 719 quam
851 648 959 698 cautes
980 656 1152 700 murmura
1171 635 1278 725 ponti,
1309 646 1372 702 830

261 721 408 809 Accipit,
433 734 464 785 et
488 735 599 784 natam
620 720 855 784 delamentatur
876 720 1049 784 ademtam.

261 804 309 872 Ut
328 829 408 873 vero
428 806 596 870 ardentem
614 803 716 870 vidit:
739 819 853 890 quater
872 803 1011 892 impetus
1031 802 1082 868 illi

260 889 301 956 ln
321 890 444 956 medios
465 889 529 954 fnit
548 889 598 954 ire
620 912 735 975 rogos,
758 903 871 974 quater
891 888 968 954 inde
988 888 1138 975 repulsus

262 974 398 1041 Concita
419 976 565 1040 membra
586 975 685 1061 fugae
705 976 853 1056 mandat,
874 973 1053 1059 similisque
1073 971 1216 1066 juvenco

262 1057 397 1147 Spicula
418 1060 617 1125 crabronum
638 1082 748 1148 pressa
769 1059 896 1125 nervice
917 1058 1055 1145 gerenti,
1112 1114 1115 1119 .
1307 1072 1367 1128 336

263 1144 339 1229 Qua
359 1145 414 1212 via
436 1145 544 1227 nulla,
567 1144 644 1209 ruit.
686 1140 761 1212 Jam
782 1159 859 1210 tunc
879 1144 963 1209 mihi
983 1166 1116 1209 currere
1135 1143 1228 1211 visus

260 1229 341 1296 Plus
362 1230 495 1295 homine
516 1243 582 1312 est,
608 1230 738 1315 alasque
757 1230 853 1317 pedes
873 1229 1025 1295 sumsisse
1045 1244 1187 1317 putarer.

259 1313 386 1398 Effugit
405 1338 483 1400 ergo
504 1337 637 1395 omnes,
659 1314 761 1381 velox
782 1337 823 1379 ue
845 1314 995 1401 cupidine
1016 1313 1074 1379 leti

259 1398 391 1464 Vertice
411 1398 548 1464 Parnasi
569 1399 703 1486 potitur.
782 1399 917 1464 iseratus
936 1400 969 1465 A
993 1399 1072 1481 ollo,

261 1481 345 1548 (ium
367 1506 402 1548 se
422 1483 606 1549 Daedalion
628 1507 710 1549 saxo
732 1484 871 1551 misisset
891 1485 931 1549 ab
955 1424 1033 1566 alto,
1304 1491 1366 1552 840

256 1566 347 1634 Fecit
368 1592 482 1651 avem,
507 1583 538 1634 et
556 1567 670 1634 subitis
691 1571 885 1657 pendentem
905 1569 1035 1635 sustulit
1056 1567 1136 1650 alis;

207 1722 269 1776 326.
285 1722 361 1789 jaret
372 1738 410 1776 ac.
423 1723 525 1773 immota
537 1737 559 1773 s.
569 1728 682 1773 emortua
694 1729 743 1774 est.
785 1724 864 1775 filium
882 1725 975 1776 amanti
992 1724 1076 1791 itaque
1092 1723 1314 1777 vehementissime
1324 1725 1365 1776 lu-

172 1792 219 1843 eui
232 1799 289 1859 apto
302 1793 453 1858 adjiciuntur
464 1792 524 1842 illa:
538 1808 586 1844 aee
596 1809 648 1842 6666
662 1821 691 1830 -
703 1809 743 1844 66-
785 1794 864 1859 genti.

171 1872 300 1930 qaumau.
313 1890 344 1900 -
361 1861 426 1914 Thu.
440 1868 466 1912 et
481 1860 516 1913 Vl
536 1862 579 1912 ulii
598 1860 744 1915 11616616-
822 1863 880 1915 330.
900 1861 1064 1916 laudaliter
1075 1878 1156 1931 66666
1166 1869 1268 1916 enatet·
1288 1863 1361 1928 Virg.

170 1941 229 1986 retr
246 1933 327 1983 miuus
345 1940 414 1983 recte
432 1938 534 1999 propter
550 1931 690 1996 sequentia.
715 1959 744 1972 -
784 1932 817 1985 A.
830 1933 881 1998 Vl,
894 1933 956 1983 470.

170 2000 659 2070 1161116666666666661666661.1,
681 2000 742 2052 617.
856 2002 912 2056 Ν66
937 2000 1026 2071 magis
1049 2001 1152 2069 inrupto
1175 2002 1281 2055 6611666
1305 2017 1361 2056 aar·

207 2073 268 2126 328.
301 2090 382 2140 qoam
411 2073 489 2124 miser
517 2100 553 2111 -
579 2078 741 2140 patruoque.
993 2087 1068 2123 mone
1079 2078 1206 2134 monetur,
1244 2128 1247 2133 ¹
1327 2127 1330 2132 ,

167 2141 287 2195 Nonnulli
307 2143 394 2194 Heius.
414 2158 496 2211 qoam
513 2140 606 2192 misero
619 2141 741 2207 opletas.
855 2143 943 2210 Quam
959 2141 987 2193 εἰ
995 2142 1067 2193 dura
1078 2140 1146 2192 silea
1157 2147 1207 2194 aut
1218 2146 1272 2195 stet
1283 2139 1361 2195 Mar·

169 2211 238 2264 Unus
248 2212 303 2263 Pal.
317 2229 393 2282 quatu
401 2214 524 2264 miseran.
528 2228 559 2278 p.
585 2210 700 2276 Plerique
709 2210 743 2277 (l)
925 2221 933 2240 ·
988 2212 1066 2279 peria
1079 2219 1178 2263 rantes.

169 2280 257 2334 Heius.
285 2300 367 2350 quara
392 2284 486 2334 misero
512 2283 613 2351 pietas.
661 2280 741 2332 Codd.
819 2278 880 2331 331.
896 2280 1360 2333 delamentart'allasonevidetnrno·

167 2351 227 2402 Viv.
247 2368 351 2417 omnes,
377 2354 494 2413 Briaut.‚
521 2351 610 2412 Cael,
636 2350 740 2414 Dresd.,
783 2350 1358 2416 vatumcompositum,utrunltahujusgeneris.

170 2420 244 2472 Goth.
261 2421 285 2471 1.
299 2424 337 2485 2.,
353 2421 452 2483 Pata,
467 2420 739 2486 Ρ66.1.2.,1.166.2.,
783 2417 841 2470 Vid.
856 2421 888 2469 ad
905 2435 931 2470 ν.
949 2420 1008 2471 375.
1025 2428 1051 2470 et
1069 2423 1100 2472 66
1113 2421 1192 2471 Trist.
1208 2419 1240 2482 V,
1261 2421 1294 2484 4,
1313 2420 1356 2471 40.

169 2490 248 2540 Sulm.
262 2492 305 2553 2.,
326 2491 416 2555 Vnus,
438 2491 533 2540 Zwioe.
554 2498 580 2540 et
597 2497 660 2540 vett.
682 2491 738 2540 edd.
782 2489 846 2539 lllud
859 2490 891 2540 de
903 2496 985 2539 autem
996 2491 1046 2541 vitu
1060 2490 1203 2541 intendendi
1222 2490 1313 2555 habet,
1332 2497 1359 2541 ut

167 2565 269 2624 praeter
280 2561 320 2609 66.
335 2577 372 2626 pr.
388 2578 467 2628 qaam
479 2562 557 2610 miser
569 2561 691 2626 apiatas.
705 2587 741 2597 -
783 2559 832 2610 ein
847 2560 956 2610 amirari
965 2561 1029 2625 apud
1042 2561 1103 2611 1166.
1119 2561 1166 2611 06.
1182 2560 1209 2623 1,
1226 2560 1258 2624 5,
1272 2561 1300 2612 8.

165 2627 215 2678 Ε6.
228 2644 265 2694 pr.
280 2636 304 2678 et
318 2629 396 2679 Saltu.
413 2630 437 2679 1.
458 2647 538 2697 qoam
555 2630 630 2679 miser
642 2631 741 2696 ample·
819 2629 878 2681 332.
899 2630 1033 2681 ardentem
1045 2647 1081 2682 66.
1096 2633 1207 2693 inrogo.

165 2714 250 2758 aune,
271 2707 451 2749 acorreetoro.
489 2698 651 2748 scribendum
665 2700 741 2760 igitur
819 2699 878 2749 334.
900 2700 1019 2761 concita,
1034 2701 1174 2761 concitata,
1189 2706 1218 2750 ut
1236 2697 1281 2763 IV,
1297 2697 1355 2750 106.

165 2768 740 2835 6616616666661666-661616666166666
782 2769 885 2820 concita
904 2769 989 2820 66616.
1009 2769 1079 2820 3661.
1094 2769 1142 2831 IV,
1162 2769 1226 2819 461.
1256 2770 1357 2822 cerrita

164 2837 260 2888 misero
276 2865 305 2874 -—
319 2839 440 2905 apiatas.
485 2836 619 2902 Utrumque
638 2845 739 2886 senten·
782 2855 861 2889 uorsa
873 2841 975 2901 sertor.
1014 2839 1138 2890 Similiter
1155 2839 1264 2892 inritas.
1302 2840 1355 2892 cie.

164 2906 215 2955 tiae
240 2907 331 2956 rationi
355 2907 481 2958 convenit.
536 2907 586 2956 Sed
615 2907 739 2971 scriptura
780 2908 857 2959 inciti
868 2908 994 2974 delphini.
1073 2954 1077 2961 .

73 2970 78 2977 ’
164 2991 245 3043 mnam
256 2978 377 3029 miser-
390 2995 405 3028 6
418 2977 507 3044 pietas
524 2978 601 3026 multo
618 2977 739 3041 majorem
818 2979 1006 3046 stuprasse,
1033 2977 1073 3028 eui
1092 2977 1356 3044 impressasuntspi-

163 3046 737 3111 habetauctoritatemvetustatis-Briant,
781 3047 847 3096 6616.
871 3076 899 3085 -
920 3049 1032 3109 Α6666.,
1055 3048 1113 3097 366.
1128 3047 1171 3109 1.,
1187 3048 1290 3110 36661,
1304 3047 1356 3098 Μ6-

164 3115 254 3181 Cael,
275 3118 350 3169 Goth.
368 3119 408 3181 1.,
429 3117 483 3168 Ρ61.
498 3119 542 3179 2.,
564 3117 642 3166 Suhn.
659 3116 684 3167 l.
698 3117 736 3180 2.,
781 3118 830 3166 dio.
844 3119 888 3179 4.‚
910 3117 977 3179 06,
993 3116 1049 3167 Vlll
1063 3117 1106 3166 alii
1121 3117 1208 3168 Heius.
1223 3125 1249 3168 et
1262 3119 1304 3168 ed.
1318 3134 1354 3184 66.

163 3185 258 3237 Zwioe.
268 3189 357 3238 etedd.
366 3188 447 3238 Vena.
457 3195 530 3240 tuae.
555 3186 646 3236 Dresd.
655 3202 736 3237 none.
780 3185 869 3248 laesa,
884 3203 917 3236 ex
928 3187 1158 3252 interpretamento.

163 3254 280 3306 Heinsius
300 3258 377 3307 edidit
394 3266 465 3320 tom,
486 3258 551 3322 quod
567 3256 638 3322 Lips.
654 3255 678 3306 1.
696 3257 735 3319 2.,
815 3256 875 3306 330.
896 3257 1094 3324 quasimodo,
1108 3256 1171 3307 neit.
1199 3254 1237 3306 ltu
1245 3257 1353 3319 Boram,

163 3322 236 3375 Vrnt.
252 3333 277 3375 et
297 3326 738 3390 111666.61666666616666111666-
779 3325 881 3388 Berol.,
909 3325 983 3376 Goth.
1007 3326 1031 3376 1.
1056 3326 1101 3388 2.,
1124 3326 1182 3376 Par.
1203 3328 1249 3388 2.,
1271 3326 1354 3389 Vrat,

163 3408 210 3461 que
237 3395 323 3446 Heius.
349 3403 375 3446 et
399 3397 442 3446 alii
467 3403 577 3446 tuentur.
624 3395 736 3460 Denique
779 3393 1070 3447 Zwioe.etodd.Venn.
1086 3395 1353 3459 -Bniant.,l)resd.,

161 3460 254 3513 Medio.
271 3463 306 3526 1.,
321 3464 355 3515 111
368 3466 412 3514 alii
425 3466 511 3515 Heius.
526 3472 551 3514 et
563 3480 638 3531 prov.
648 3465 666 3514 1.
676 3464 734 3516 Par.
779 3463 833 3515 Pal.
848 3467 885 3528 2.,
900 3465 971 3530 Lips.
984 3464 1020 3527 1.,
1036 3465 1114 3515 Sulm.
1124 3466 1150 3518 2.
1165 3465 1354 3516 etXlVlleins.

161 3533 189 3587 2.
225 3540 250 3583 et
282 3534 399 3585 Rottend.
432 3535 584 3603 patruique.
627 3534 734 3598 Arond.,
773 3536 863 3602 sagit.
901 3533 998 3600 Reliqui
1016 3536 1084 3598 fait.
1123 3534 1187 3586 Fari
1210 3537 1355 3587 mendosum

53 3652 66 3667 ,
160 3604 383 3668 Β66.1.,36661.,
398 3606 460 3655 366.
477 3605 512 3668 1.,
527 3605 627 3666 Fragor.
642 3603 734 3666 36616,
778 3611 832 3667 est3
869 3606 925 3658 ruit
959 3611 1063 3655 naturae
1095 3604 1132 3653 rei
1165 3606 1356 3656 convenientius

162 3673 237 3725 Goth.
259 3675 303 3737 1.,
329 3675 405 3738 166,
433 3673 525 3725 616616.
534 3712 542 3739 ,
569 3673 627 3723 Par.
650 3672 674 3722 1.
695 3674 733 3736 2.,
778 3673 857 3739 (6661.
872 3673 905 3736 V,
923 3675 999 3739 166),
1019 3690 1065 3730 nee
1083 3674 1185 3737 elegans
1205 3677 1287 3725 oratio
1301 3683 1355 3726 est:

159 3743 219 3795 Vat.
233 3746 260 3798 2.
275 3753 300 3795 et
310 3744 382 3796 Vrnt.
391 3753 550 3811 patruoque.
577 3742 674 3806 Reliqui
682 3758 736 3808 pa·
772 3747 886 3809 sagae
900 3745 1011 3795 mandat
1023 3751 1049 3795 et
1056 3746 1078 3808 f
1081 3745 1204 3812 66611.-
1214 3746 1355 3808 jamtum

160 3815 281 3880 triaque,
308 3815 355 3864 nisi
378 3817 442 3879 qnod
462 3816 558 3864 Bensm.
579 3819 605 3862 et
623 3813 735 3861 nonnulli
776 3813 842 3865 milia*
859 3831 960 3865 eorrere
977 3815 1110 3867 oieasest.
1148 3815 1283 3879 066111,
1305 3817 1354 3868 580

161 3882 248 3933 lleins.
266 3886 444 3951 patriumque.
482 3884 502 3934 E
521 3882 609 3949 quibus
628 3882 736 3946 scriptu-
777 3897 847 3947 seqq.

159 3951 195 4000 ris
209 3954 352 4019 patruique
371 3953 456 4018 paraui
471 3953 627 4003 auctoritatis
640 3952 732 4015 habet3
812 3950 873 4003 331.
889 3952 953 4019 plus
975 3951 1080 4004 homine
1104 3950 1184 4014 magis
1210 3967 1286 4018 quam
1310 3969 1354 4020 pra

159 4020 243 4086 itaque
256 4023 331 4071 lectio
340 4032 506 4091 patruoque,
527 4039 589 4089 quae
602 4022 735 4071 confirma·
775 4022 880 4077 hominis
894 4028 993 4071 natura.

159 4096 201 4139 tur
218 4091 248 4138 ab
269 4091 380 4140 omnibns
401 4094 431 4142 iis
451 4095 523 4142 6666.
538 4094 578 4159 qui
594 4094 734 4159 patrioque
812 4091 872 4143 330.
889 4089 1013 4143 Parnasi.
1029 4091 1049 4149 1,
1060 4088 1354 4158 311-66161666666-

159 4160 292 4225 exhibent,
318 4175 379 4209 vera
402 4177 458 4210 esse
476 4163 584 4212 videtur.
623 4163 735 4227 Conjun-
775 4161 1005 4227 nltimaeornepta,
1023 4166 1148 4224 utsupra.
1187 4159 1245 4212 Vid.
1267 4163 1353 4212 iudet.

158 4230 265 4290 gendum
290 4236 388 4279 autern:
415 4248 495 4298 qnam
512 4233 592 4283 miser
610 4240 636 4285 et
654 4249 735 4303 qoam
813 4231 873 4281 341.
890 4233 1102 4298 prudentissimi
1114 4230 1244 4294 penderet.
1279 4233 1354 4283 Cani.

154 4307 256 4366 patruo
267 4299 350 4355 corde·
365 4327 399 4340 ·-
415 4311 543 4370 patruum
554 4321 598 4354 eor
609 4310 649 4352 est
661 4303 734 4367 quale
777 4300 827 4362 Vl,
844 4300 901 4351 067.
915 4330 943 4338 —
959 4302 997 4353 36
1009 4302 1052 4351 illo
1065 4299 1172 4363 subitis,
1192 4316 1217 4365 q.
1231 4317 1257 4352 e.
1272 4304 1355 4354 subito

157 4375 272 4435 patruum
285 4370 367 4419 decet.
778 4371 859 4436 natis,
873 4370 940 4419 6661.
955 4371 993 4433 11,
1008 4371 1069 4427 340.
1084 4377 1110 4419 et
1122 4367 1153 4431 V,
1170 4368 1230 4424 121.
1245 4373 1308 4427 500.
1321 4401 1356 4414 -

194 4438 254 4490 320.
276 4440 355 4501 Bou,
376 4440 435 4490 Bas.
455 4440 498 4501 3.,
520 4439 585 4490 Thu.
605 4445 630 4488 et
650 4437 672 4487 ll
690 4439 734 4489 alii
778 4440 840 4490 066.
855 4441 969 4503 Rerum,
984 4440 1062 4495 Gran.
1078 4439 1223 4502 1.,116663.
1239 4441 1282 4508 1.,
1296 4459 1354 4496 axe.

158 4507 245 4561 lloins.
259 4509 401 4563 solamina.
419 4509 454 4574 Χ,
470 4508 531 4563 132.
544 4536 586 4548 -
594 4509 652 4574 pio,
661 4509 734 4559 unice
777 4508 850 4572 inu,
864 4508 938 4561 Vrat.
952 4516 979 4562 et
989 4510 1016 4563 Χ
1028 4510 1115 4565 Heius.
1129 4511 1252 4567 66611661.
