2864 4890
140 171 249 227 xxvln
499 169 825 225 ncrmooruosuou
851 167 981 224 somno.

140 348 257 393 norem
276 324 365 392 filiae
385 323 566 411 rapientes,
594 323 723 391 occidit.
772 324 925 409 Quorum
946 323 1077 390 caedem
1103 348 1179 391 cum
1208 325 1334 395 Melea·

141 429 195 516 gri
214 443 319 494 mater
338 425 533 509 audivisset,
561 427 695 493 fatalem
716 425 858 514 stipitem
884 424 1053 512 inignem
1080 426 1236 518 conjecit,
1266 451 1333 513 quo

140 531 351 597 comburente
377 529 464 595 lilius
497 529 611 595 absens
638 527 715 612 igne
741 528 906 594 absumtos
936 543 994 594 est.
1046 530 1196 596 Theseus
1222 529 1264 594 ah
1295 552 1333 596 ea

140 632 314 700 venatione
335 631 463 698 rediens
491 655 566 697 eum
591 629 741 696 Pirithoo
773 629 878 696 amieo
903 630 944 696 ad
972 630 1157 697 Acheloum
1184 631 1332 714 divertit,

140 734 200 803 uhi
220 757 295 799 cum
315 732 500 799 Echinades
520 732 643 799 insulas
665 756 683 796 e
702 731 883 817 longinquo
907 733 1145 821 conspexisset,
1166 732 1335 799 Achelous

142 836 175 903 ei
194 846 336 918 narrat,
359 858 412 901 eas
434 835 514 901 olim
541 834 704 925 nymphas
734 833 835 900 fuisse
862 848 893 900 et
920 833 955 899 in
982 835 1105 901 insides
1128 858 1195 901 esse
1219 848 1342 902 muta-'

141 953 202 1007 tas.
261 938 359 1020 Quod
394 937 466 1003 lieri
506 937 648 1025 potuisse
676 951 815 1022 negante
841 935 1014 1020 Pirithoo,
1050 936 1158 1002 Lelex
1184 939 1331 1025 primum

141 1039 343 1109 Philemonis
371 1056 402 1106 et
428 1038 581 1104 Baucidis
605 1039 757 1126 exemplo
791 1039 926 1125 prohat,
954 1038 1010 1124 qui
1037 1039 1073 1104 in
1100 1040 1232 1105 arbores
1257 1041 1332 1106 fue·

141 1142 209 1210 rint
236 1143 404 1224 conversi,
438 1133 536 1207 sicut*
549 1141 663 1207 domus
693 1163 809 1206 eorum
844 1139 880 1205 iu
917 1142 1074 1229 templum
1109 1155 1141 1207 et
1169 1165 1271 1229 pagus
1295 1142 1334 1208 in

141 1261 305 1332 stagnum.
347 1244 513 1310 Achelous
535 1242 651 1332 deinde
679 1256 839 1307 memorat
866 1241 976 1308 Protei
1006 1259 1038 1309 et
1062 1242 1222 1333 blestrae,
1251 1267 1334 1329 quae

142 1346 384 1436 Erysichthona
414 1361 561 1434 patrem,
591 1346 679 1410 same
708 1346 891 1426 lamentam,
925 1346 1026 1411 variis
1052 1345 1189 1432 acceptis
1216 1345 1333 1432 figuris

142 1450 287 1532 aluerat,
315 1463 468 1514 naturam
495 1447 745 1528 transformem3
773 1468 808 1511 se
839 1468 967 1531 quoque
992 1461 1183 1536 potestatem
1211 1447 1334 1514 hahere

142 1551 249 1635 addit,
279 1550 389 1619 varias
412 1549 533 1638 species
554 1549 744 1638 accipiendi.

224 1722 301 1789 Lib.
322 1719 398 1787 lX.
431 1720 522 1788 Tum
543 1722 665 1789 formas
687 1724 806 1807 refert,
830 1725 965 1808 inques
987 1744 1056 1787 sese
1074 1734 1233 1803 mutarat,
1257 1743 1334 1787 cnm

140 1822 284 1893 Hercule
303 1825 342 1889 de
363 1823 522 1889 Deianira
542 1840 681 1891 certans.
725 1823 821 1891 Hanc
841 1824 981 1891 Herculi
1002 1823 1123 1890 victori
1142 1823 1177 1887 in
1192 1823 1332 1910 patriam

114 1926 291 1994 ''redeunti
311 1925 432 1994 Nessus
460 1949 575 2014 rapere
604 1926 726 2009 voluit,
756 1928 812 1994 sed
843 1926 995 1993 Herculis
1028 1924 1144 2013 sagitta
1172 1942 1333 1992 venenata

142 2029 310 2112 confossus
337 2026 469 2109 cecidit,
504 2043 600 2092 etue
635 2027 758 2095 inultus
787 2029 927 2117 periret,
958 2044 1069 2116 raptae
1095 2044 1218 2094 vestem
1245 2026 1334 2093 dedit

142 2129 301 2216 sanguine
329 2152 388 2195 suo
418 2129 572 2212 tinctam,
604 2135 688 2196 celat
714 2138 873 2196 irritamen
909 2139 1030 2195 omens.
1083 2129 1244 2196 Deianira
1268 2128 1333 2194 ali·

142 2247 262 2320 quanto
284 2245 355 2321 post
378 2231 527 2297 dubitans
557 2233 597 2297 de
615 2233 725 2298 mariti
744 2258 874 2316 amore,
906 2232 1000 2298 illam
1030 2231 1060 2298 ei
1087 2247 1211 2298 vestem
1231 2228 1332 2312 misit,

141 2358 204 2421 qua
224 2334 356 2398 indutus
378 2357 453 2399 cum
477 2352 755 2420 concremaretur,
776 2336 905 2401 Lichan
927 2335 1108 2416 famulum,
1132 2333 1188 2419 qui
1210 2347 1333 2399 vestem

140 2438 310 2518 attulerat,
334 2435 434 2500 cladis
457 2449 621 2501 auctorem
644 2436 832 2504 existimans
853 2462 913 2526 per
934 2441 1010 2502 a‘e'ra
1032 2436 1135 2518 misit,
1158 2434 1274 2499 missus
1297 2432 1334 2498 in

137 2561 256 2605 saxum
276 2551 417 2602 mutatus
439 2551 503 2616 est;
532 2536 601 2624 ipse
636 2538 751 2604 deinde
778 2540 890 2628 periit,
920 2540 975 2605 sed
1002 2553 1157 2604 renovata
1185 2534 1270 2600 facie
1295 2534 1333 2600 in

142 2638 271 2707 coelum
296 2639 470 2704 translatus
492 2652 550 2703 est.
594 2638 699 2722 lolen,
720 2665 816 2727 quam
837 2639 997 2706 Hercules
1019 2654 1154 2721 amarat,
1177 2635 1273 2703 duruit
1291 2639 1333 2701 fi-

143 2743 209 2808 lius
225 2739 293 2832 ejus
306 2737 445 2828 Hyllus.
467 2741 558 2807 Tum
574 2741 746 2826 Alcmena,
772 2758 877 2809 mater
897 2740 1064 2825 Herculis,
1087 2739 1214 2829 nepotis
1234 2737 1334 2805 uxori

140 2859 273 2934 partum
301 2839 455 2907 Herculis
484 2858 617 2927 narrat,
654 2859 684 2910 et
710 2846 872 2930 quomodo
902 2844 938 2910 in
972 2868 1010 2911 eo
1039 2860 1135 2932 partu
1165 2841 1334 2910 Galanthis

139 2945 264 3011 famula
285 2967 345 3010 sua
366 2943 401 3008 in
424 2945 595 3010 mustelam
620 2970 775 3014 conversa
798 2947 851 3013 sit.
899 2944 970 3011 lole
989 2947 1168 3012 Alcmenae
1188 2941 1333 3010 vicissim

137 3045 293 3136 Driopen
318 3068 465 3111 sororem
486 3070 598 3130 suam,
624 3072 724 3134 quum
744 3049 812 3115 filio
843 3071 902 3113 suo
923 3048 983 3115 loti
1003 3072 1151 3132 ramum,
1179 3047 1215 3113 in
1236 3069 1334 3132 quam

137 3147 230 3215 Lotis
254 3147 402 3241 nympha
429 3149 506 3214 olim
527 3163 649 3215 mutata
668 3151 794 3235 fuerat,
817 3149 973 3233 dedisset,
996 3165 1027 3216 et
1047 3149 1153 3238 ipsam
1172 3149 1207 3215 in
1228 3150 1335 3214 lotum

137 3273 268 3316 versam
300 3273 379 3315 esse.
430 3245 628 3337 Supervenit
653 3248 778 3336 lolaus,
810 3267 960 3342 reparata
993 3276 1052 3341 per
1070 3249 1187 3316 Heben
1214 3247 1334 3337 juven·

137 3365 223 3432 tute3
251 3375 314 3436 quo
345 3351 433 3417 facto
456 3351 593 3418 Themis
624 3353 765 3420 similem
785 3355 959 3441 aliquando
980 3352 1192 3421 mutationem
1211 3349 1334 3415 instare

138 3452 214 3519 liliis
235 3451 436 3535 Callirhob's,
467 3454 574 3521 subito
600 3454 637 3520 in
663 3454 753 3522 viros
774 3457 950 3539 mutandis,
973 3455 1184 3525 vaticinatur.
1235 3450 1333 3538 Quod

139 3553 269 3647 Jupiter
292 3579 359 3621 non
386 3555 536 3623 omnihus
565 3581 661 3646 posse
688 3557 877 3646 contingere
907 3558 1028 3625 Minois
1057 3556 1109 3622 sui
1130 3554 1336 3643 potissimum

139 3651 293 3747 exeniplo
321 3656 433 3739 docet,
471 3659 527 3744 qui
561 3659 640 3726 olim
676 3675 790 3749 potens
821 3675 930 3749 postea
968 3657 1121 3723 Miletum
1148 3653 1336 3721 Cretensem

138 3758 350 3826 vehementer
371 3758 497 3843 timuit,
528 3785 632 3848 neque
659 3762 816 3828 efinibus
839 3758 956 3849 ejicere
978 3782 1075 3825 ausus
1104 3771 1163 3823 est.
1211 3753 1336 3843 Sponte

140 3874 249 3927 tamen
269 3860 401 3925 taudem
420 3860 552 3931 Miletus
579 3864 615 3930 in
640 3863 757 3930 Asiam
785 3861 961 3944 concessit,
993 3878 1024 3927 et
1048 3858 1226 3950 Byblidem
1256 3880 1335 3944 pro·

141 3960 265 4028 creavit
295 3976 390 4047 atque
420 3962 589 4050 Caunum3
621 3963 712 4056 cujus
741 3965 799 4031 illa
828 3988 939 4031 amore
961 3963 1119 4032 tabefacta
1146 3960 1182 4027 in
1210 3960 1335 4024 fontem

140 4062 287 4131 transiit:
320 4088 402 4152 quae
430 4066 560 4152 quidem
591 4094 645 4135 res
673 4066 880 4135 Cretensibus
907 4067 1012 4156 magis
1038 4066 1123 4132 mira
1148 4062 1220 4130 visa
1243 4075 1336 4141 esset,

143 4165 207 4231 nisi
229 4167 340 4254 paullo
362 4182 438 4232 ante
459 4165 562 4254 lphis,
583 4170 651 4236 filia
677 4168 853 4256 Cretensis,
875 4170 947 4260 ipso
967 4166 1157 4257 nuptiarum
1180 4164 1232 4231 die
1252 4161 1336 4231 viri·

143 4268 209 4335 lem
236 4292 356 4335 sexum
381 4267 565 4356 accepisset.

226 4404 305 4470 Lib.
335 4401 384 4468 X.
431 4402 557 4492 lphidis
590 4407 711 4494 nuptiis
747 4409 803 4494 qui
835 4409 1029 4475 interfuerat
1057 4405 1268 4498 Hymenaeum
1302 4400 1338 4465 in

587 4708 629 4791 ’ᾳ
