2864 4890
320 1211 1068 1318 INTRODUO'HO.

107 1656 258 1772 ovidii
278 1695 598 1786 metamorphosest)
620 1696 656 1760 in
678 1712 871 1784 argumento
898 1711 1073 1764 versantur
1099 1711 1130 1762 et
1163 1695 1327 1837 dibiad-q

107 1806 188 1871 limo
220 1804 340 1893 pariter
363 1805 454 1869 etad
484 1804 611 1892 copiam
632 1820 845 1890 ornatumque
866 1804 1029 1892 poeticum
1050 1802 1237 1868 felicissimo
1266 1817 1296 1868 et
1324 1840 1330 1877 a

107 1908 286 1973 uberrimo.
319 1904 407 1972 Nam
429 1922 557 1995 praeter
578 1907 776 1997 tractationis
792 1906 997 1993 elegantiam,
1021 1928 1117 1991 quam
1131 1928 1297 1991 unaquae·
1324 1886 1329 1943 l

108 2010 159 2077 vis
177 2010 287 2075 fabula
308 2032 369 2095 pro
390 2032 424 2074 se
447 2011 639 2097 postulabat,
662 2033 806 2075 summae
827 2009 906 2074 artis
927 2026 1021 2092 atque
1042 2007 1082 2073 ad
1106 2008 1296 2094 excogitan-

109 2112 189 2178 dum
218 2110 416 2174 difficultatis
445 2125 532 2192 erat,
556 2125 624 2174 tam
650 2110 816 2195 ingentem
843 2109 1081 2175 multitudinem
1109 2109 1298 2173 fabularum

109 2232 141 2295 et
162 2212 245 2280 locis
268 2225 300 2275 et
324 2209 523 2296 temporibus
540 2224 580 2274 et
607 2211 755 2298 personis
783 2211 1074 2277 diversissimarum
1107 2210 1191 2275 serie
1218 2233 1297 2275 con·

105 2317 250 2412 jungere
265 2326 296 2376 et
308 2326 344 2375 ut
358 2310 445 2375 inter
458 2333 492 2375 se
507 2327 599 2398 aptae
613 2328 717 2378 essent
732 2330 939 2405 connectere3
962 2328 1055 2398 atque
1071 2338 1171 2399 quum
1187 2334 1299 2379 omnes

109 2420 146 2487 in
167 2412 444 2500 metamorphosin
466 2414 611 2496 exirent,
633 2415 675 2479 ad
695 2415 916 2480 similitudinis
939 2439 977 2480 ac
1004 2415 1158 2480 satietatis
1185 2438 1299 2503 repre·

22 2558 28 2569 ·
114 2520 300 2588 bensionem
313 2516 520 2582 devitandam
541 2540 644 2583 novos
661 2532 691 2583 et
705 2517 882 2602 exquisitos
903 2517 1024 2599 ubivis,
1051 2516 1106 2602 qui
1123 2518 1299 2603 legentium

114 2622 239 2690 animos
262 2618 441 2684 retinerent
460 2633 490 2683 et
513 2619 785 2705 redintegrarent,
807 2619 1104 2685 transformationis
1126 2621 1240 2684 modos
1262 2642 1301 2683 ac

112 2727 202 2794 vices
215 2720 377 2788 invenire.
408 2719 505 2803 Quod
522 2737 629 2786 autem
651 2720 840 2808 ad'copiam
856 2720 980 2801 attinet,
1004 2737 1072 2786 erat
1087 2721 1143 2786 illa
1165 2721 1300 2785 materia

115 2842 225 2915 suapte
239 2838 353 2889 natura
371 2836 401 2886 et
413 2821 483 2908 ipso
497 2847 615 2908 genere
626 2822 752 2887 infinita
769 2846 827 2887 nec
844 2839 931 2888 certo
945 2823 1054 2909 aliquo
1066 2823 1169 2889 limite
1183 2847 1301 2889 acmo·
1323 2870 1328 2889 ,

117 2931 196 2996 dulo
209 2950 318 2992 rerum
340 2923 584 3012 circumscripta
597 2940 691 3011 atque
706 2927 871 2990 conclusa.
903 2924 1015 3009 ltaque
1033 2924 1099 3014 jam
1113 2926 1181 3013 ipsa
1195 2924 1301 3012 operis

115 3033 200 3099 ratio
214 3031 364 3095 idoneam
377 3028 551 3113 praebebat
562 3026 765 3092 occasionem
779 3042 880 3091 totam
895 3027 1040 3091 fabulam
1054 3042 1148 3111 atque
1161 3025 1303 3112 antiqui·

115 3151 215 3202 tatem
228 3128 428 3220 pervagandi
444 3143 476 3193 et
498 3128 647 3213 quicquid
670 3129 994 3194 transformationum
1008 3146 1038 3195 et
1051 3128 1168 3196 Graeci
1190 3143 1220 3192 et
1233 3127 1303 3193 La·

116 3237 177 3304 tini
196 3234 367 3321 scriptores
384 3229 604 3309 continerent,
634 3228 719 3314 quod
747 3229 877 3314 quidem
902 3232 1039 3318 eleganti
1067 3247 1099 3297 et
1126 3231 1304 3318 exquisitae

118 3335 302 3404 tractationi
323 3332 469 3422 poeticae
491 3329 652 3418 imprimis
676 3332 953 3398 accommodatum
976 3349 1074 3417 esset,
1097 3335 1199 3400 libere
1221 3332 1304 3399 deli·

121 3440 229 3506 bandi.
273 3437 382 3520 Atque
403 3433 575 3518 antiquitas
602 3432 737 3498 illorum
758 3435 954 3523 populorum
976 3436 1136 3526 imprimis
1161 3438 1305 3503 Graeco·

118 3567 195 3609 rum
214 3555 251 3605 ut
272 3539 406 3605 omnino
436 3535 534 3625 epicis
561 3535 665 3602 omnis
690 3537 818 3623 generis
843 3540 1042 3624 argumentis
1075 3537 1306 3604 fecundissima

190 3815 212 3881 ·)
225 3813 296 3865 Libri
313 3827 387 3862 manu
411 3809 497 3876 scripti
521 3810 634 3876 plerique
664 3817 691 3861 et
720 3817 821 3861 veteres
854 3808 977 3858 editiones
1006 3806 1054 3856 hoc
1087 3823 1186 3860 carmen
1218 3811 1308 3861 inscri-

224 3903 287 3951 bunt
309 3913 410 3948 numero
435 3897 555 3959 singulari
580 3895 812 3964 Metamorphosis.
855 3892 949 3944 Vemm
972 3894 1122 3960 plurativum
1146 3896 1309 3969 Metarmer-

222 3988 317 4056 phorce
340 3985 449 4051 postulat
467 3983 521 4048 ipsa
540 3984 656 4034 carminis
680 3991 787 4043 natura3
807 3986 858 4029 tum
877 3980 1024 4032 confirmant
1045 3990 1143 4034 veteres
1162 3985 1308 4050 scriptores,

227 4074 268 4140 qui
292 4074 338 4122 boc
367 4085 469 4121 cannen
492 4076 647 4132 memorant,
680 4068 792 4132 Seneca,
817 4066 999 4134 Quintilianus,
1030 4068 1216 4134 Tertullianus,
1249 4070 1309 4120 Scr-

226 4162 297 4226 vius,
322 4158 480 4220 Priscianus,
506 4154 663 4216 Fulgentius.
703 4153 725 4204 E
749 4154 819 4206 libris
850 4172 925 4206 mauu
954 4157 1053 4223 scriptis
1083 4156 1204 4223 pluralem
1223 4170 1311 4207 servu·

220 4257 285 4314 ,runt
307 4247 366 4298 cod.
390 4245 449 4297 Par.
473 4244 519 4311 2.,
545 4243 610 4293 alter
631 4241 771 4308 Twisdeui,
797 4242 897 4307 Patara,
923 4243 1028 4308 optimus
1053 4242 1181 4294 Mediceus
1200 4250 1226 4295 et
1245 4256 1310 4292 unus

224 4335 325 4388 blot-eti.
