2864 4890
602 167 704 222 Ltttlttt
721 168 790 222 Vlll.
817 187 823 218 t

178 322 433 409 Innumerasque
455 324 547 389 faces'
564 339 686 390 cremat
707 339 749 407 et,
773 347 837 409 quo
860 324 951 412 copia
972 322 1080 413 major

180 407 239 473 Est
259 409 343 489 data,
367 411 461 497 plura
480 409 571 496 petit,
594 412 751 494 turbaque
772 409 926 476 voracior
946 408 1015 495 ipsa
1038 422 1104 474 est:

181 491 237 559 Sic
261 495 371 581 epulas
394 516 505 558 omnes
526 492 774 583 Erysichthonis
796 517 853 559 ora
874 493 1004 581 profani

182 578 357 666 Accipiunt
376 594 574 665 poscuntque
595 577 710 658 simul3
734 579 823 643 cibus
846 577 950 643 omnis
968 577 1004 641 iu
1025 575 1084 642 illo

184 661 288 728 Causa
311 662 374 727 cibi
396 678 462 744 est,
484 686 674 750 semperque
695 664 785 728 locus
804 666 841 728 fit
863 661 967 727 inanis
989 662 1124 728 edendo.
1224 668 1284 727 815

182 745 318 832 Jamque
338 748 426 811 fame
445 747 564 834 patrias
586 747 706 831 altique
726 747 885 834 voragine
901 744 1025 811 ventris

184 835 379 897 Attenuarat
402 855 495 920 opes3
517 832 573 895 sed
590 830 788 896 inattenuata
808 833 959 896 manebat

184 917 273 982 Tum
295 940 421 1001 quoque
444 915 513 980 dira
536 917 657 997 fames,
682 915 935 1002 implacataeque
955 914 1087 1002 vigebat

182 999 330 1065 Flamma
351 1002 458 1086 gulae.
503 1000 655 1066 Tandem
676 1001 814 1066 demisso
835 1001 871 1064 in
895 998 1020 1065 viscera
1043 1023 1140 1065 censu

182 1083 266 1149 Filia
290 1087 446 1165 restabat,
469 1108 535 1148 non
557 1085 616 1150 illo
639 1085 736 1171 digua
760 1101 911 1172 parente:
1225 1094 1286 1149 850

181 1168 276 1234 Hauc
297 1193 423 1269 quoque
443 1169 555 1233 vendit
573 1170 679 1257 inops.
702 1168 886 1234 Dominum
906 1191 1062 1256 generosa
1084 1183 1222 1251 recusat,

181 1253 224 1320 Et
245 1254 353 1319 vicina
375 1277 448 1318 suas
470 1255 604 1319 tendens
625 1278 722 1343 super
744 1278 884 1339 aequora
905 1255 1027 1341 palmas

181 1337 340 1424 „„Eripe
362 1363 414 1402 me
435 1339 578 1420 domino,
602 1339 659 1423 qui
679 1364 715 1405 ra
740 1355 790 1403 tae
809 1339 952 1426 praemia
976 1337 1069 1403 nobis

182 1423 387 1507 Virginitatis
409 1424 558 1490 habes!“
571 1427 594 1464 “
616 1423 672 1489 ait.
752 1447 807 1488 aec
828 1421 999 1510 Neptunus
1022 1424 1171 1491 habebat.

184 1507 250 1590 Qui
272 1532 368 1596 prece
389 1532 455 1573 non
477 1523 594 1595 spreta,
617 1509 765 1593 quamvis
786 1507 883 1572 modo
903 1507 973 1572 visa
995 1509 1140 1592 sequenti
1224 1520 1285 1575 855

184 1591 277 1656 Esset
300 1594 391 1673 hero,
414 1594 618 1677 formamque
638 1609 740 1660 novat
760 1595 954 1677 vultumque
975 1591 1107 1658 virilem

181 1675 291 1742 Induit
311 1694 341 1742 et
363 1678 466 1742 cultus
487 1677 609 1765 piscem
628 1677 826 1766 capientibus
848 1692 949 1764 aptos.

182 1760 277 1826 Hanc
300 1762 450 1826 dominus
472 1779 618 1850 spectans
639 1763 733 1845 „„0
757 1761 812 1848 qui
834 1763 1004 1849 pendentia
1026 1786 1129 1849 parvo

180 1847 268 1912 Aera
291 1847 363 1912 cibo
383 1848 479 1930 celas,
502 1849 687 1914 moderator
706 1846 915 1929 arundiuis,“
935 1846 1052 1934 inquit,

132 2035 193 2087 811.
208 2037 297 2099 sacas.
343 2035 446 2098 Berol.,
474 2034 562 2098 Cael,
589 2035 671 2098 Flac,
714 2033 828 2096 Ρ81.2.,
850 2033 920 2100 Lips.
942 2034 1227 2098 1.2.,1’881.8188.
1247 2052 1286 2102 pr.

95 2105 162 2156 alius
176 2105 278 2166 Heius,
297 2119 353 2154 exc.
367 2104 439 2164 lue..
458 2103 634 2166 Μο8.,11188.
648 2113 674 2154 et
715 2103 868 2154 attendam.
895 2103 945 2152 Sed
957 2110 984 2154 et
995 2104 1087 2153 rectius
1101 2103 1182 2155 abest.
1208 2105 1286 2155 11818-

95 2173 369 2225 consumantes.
396 2171 495 2236 Reliqui
502 2177 595 2237 succe,
609 2173 674 2236 quod
716 2172 806 2222 siuset
819 2171 885 2221 Ciol.
899 2178 992 2222 tacent.
1018 2172 1113 2222 Deinde
1126 2172 1198 2224 Vrat.
1212 2175 1288 2225 eted.

94 2244 158 2294 mihi
176 2248 276 2306 praeter
291 2240 410 2303 mojorem
425 2241 598 2290 anctoritatem
610 2247 672 2292 vett.
714 2256 753 2306 pr.
768 2239 884 2290 dimisso.

95 2314 221 2363 librorum
240 2309 314 2358 etiam
327 2309 465 2358 sententiae
478 2309 588 2359 bonitate
601 2325 675 2375 prae·
750 2309 812 2360 853.
832 2309 879 2377 qui
887 2315 1020 2376 raptae·
1031 2308 1120 2373 88888,
1130 2311 1289 2377 qniuostmm

96 2379 230 2431 ferendum
248 2378 355 2427 videtne.
386 2375 442 2428 Non
461 2378 673 2429 ouimlicseemo
715 2380 833 2444 pudorem
847 2379 967 2444 rapuisti,
982 2379 1107 2430 delibasti.
1139 2378 1290 2448 Nampraa·

94 2455 137 2500 cst
157 2448 187 2497 de
205 2447 319 2496 incendio
337 2447 432 2510 silvae,
459 2449 503 2497 sed
524 2449 622 2498 omnino
641 2449 671 2498 de
714 2448 802 2498 mich.
816 2448 835 2497 1.
848 2464 893 2513 pro
907 2448 990 2498 fructu
1003 2455 1118 2499 suut.-
1135 2448 1189 2500 Pal.
1203 2451 1229 2506 2.
1242 2468 1289 2504 ra-

93 2518 236 2570 voracitate
248 2516 326 2578 iguis,
342 2515 383 2580 qui
396 2516 469 2579 tignis
482 2517 567 2567 alitur.
709 2525 776 2586 ptos
788 2518 841 2585 qui.

133 2586 193 2639 842.
210 2586 288 2652 petit.
326 2585 363 2634 lta
382 2601 467 2635 omnes
487 2586 540 2636 1888
559 2587 632 2636 codd.
647 2593 673 2637 et
748 2587 809 2637 855.
829 2587 913 2637 modo.
946 2586 1090 2654 „quamvis
1109 2589 1143 2639 88
1161 2587 1288 2644 88888188

95 2663 160 2708 vett.
175 2657 232 2706 edd.
264 2652 340 2704 Pauci
353 2656 425 2704 codd.
441 2656 593 2721 capit,ev.
608 2656 669 2707 837.
714 2656 818 2707 domiuo
842 2657 928 2723 ipsam
952 2657 1134 2722 (praeeuntem)
1164 2669 1289 2726 sequente

97 2724 169 2778 Unus
183 2725 297 2786 Boram,
318 2724 382 2773 81188
394 2723 451 2774 1181.
467 2731 491 2774 81
510 2740 573 2775 uuus
593 2724 668 2776 Voss.
712 2727 788 2776 modo
802 2726 861 2776 vieo
873 2726 970 2777 esset.“
1001 2727 1077 2778 modo
1094 2728 1151 2777 etld.
1166 2728 1249 2781 Venn.
1264 2738 1290 2781 et

95 2793 668 2921 81118188831838.81181811
712 2795 1289 2918 111181118388113881131188

133 2933 194 2985 813.
214 2932 391 2997 orcprofaui.
417 2931 474 2983 Vid.
488 2932 549 2986 828.
714 2933 826 2998 Heinsii,
848 2933 902 2984 Pal.
923 2934 967 2995 2.,
988 2935 1061 2984 codd.
1083 2934 1149 2985 Ciol.
1171 2943 1198 2986 et
1215 2885 1289 2990 ieiunii

134 3001 194 3054 848.
210 3004 286 3065 same
297 3001 428 3066 posteriori
440 3003 576 3067 producta,
596 3009 624 3052 ut
636 3001 668 3067 V,
714 3018 815 3064 omnes,
835 3003 895 3052 item
915 3003 963 3051 duo
983 3002 1079 3051 Beesut.
1094 3010 1120 3052 et
1139 3005 1179 3053 ed.
1193 3022 1232 3070 pe.
1246 3025 1289 3072 ea,

98 3071 160 3124 185.
181 3076 207 3120 et
224 3070 277 3132 XI,
300 3069 360 3120 388.
382 3097 420 3107 -
442 3070 502 3121 847.
524 3070 616 3122 Medic.
630 3072 669 3133 2.,
714 3087 777 3136 quac
790 3070 915 3136 scriptura
927 3070 986 3119 mihi
998 3085 1128 3119 vacuasse
1141 3073 1249 3137 videtur,
1263 3083 1291 3126 ut

97 3142 158 3193 Bas.
173 3140 217 3202 4.,
232 3138 327 3203 Neap,
342 3136 421 3200 Uro,
440 3139 474 3190 lll
488 3141 531 3190 alii
545 3141 631 3190 lleins.
647 3146 673 3190 et
714 3140 793 3188 omnis
811 3138 931 3188 orationis
949 3138 988 3187 vis
1010 3138 1091 3203 posita
1110 3138 1143 3188 sit
1160 3139 1186 3189 iu
1205 3144 1290 3197 verbis

97 3211 141 3261 88.
160 3224 198 3274 pe.
222 3209 363 3271 manebas,
388 3209 453 3272 quod
476 3215 571 3258 temere
595 3208 674 3258 edidit
714 3208 773 3258 oisc
785 3215 861 3258 88881.

96 3279 278 3332 Heinsius·
298 3277 485 3342 inattenuata,
505 3277 671 3339 conminuta,
696 3271 702 3278 ’
750 3275 811 3326 858.
844 3311 861 3342 „
866 3279 1034 3343 formamque
1057 3274 1115 3338 8888
1148 3277 1289 3351 (Mostene)

96 3364 149 3401 nou
161 3347 261 3397 satiata.
290 3345 328 3397 De
348 3358 411 3394 novo
425 3347 471 3395 hoc
484 3346 606 3396 vocabulo
618 3344 671 3398 vid.
715 3351 798 3396 nooat
816 3361 842 3394 v.
855 3345 975 3396 mutat.“
988 3371 1021 3382 -
1035 3345 1187 3413 scripturam
1201 3354 1290 3408 cultae

93 3413 509 3482 vlt,356.etnot.ndT1tst.1‚
526 3417 556 3480 5,
569 3414 613 3471 28.
715 3415 796 3480 poscit
820 3414 944 3464 sententia
967 3421 993 3466 et
1011 3416 1130 3468 exhibent
1147 3419 1201 3470 Pol.
1223 3423 1289 3475 Dan.
1350 3458 1357 3477 .

133 3486 194 3537 848.
213 3484 390 3552 implacatus,
410 3483 569 3535 insatiabilis.
596 3483 671 3535 Conl.
715 3484 814 3546 Heius,
828 3499 885 3535 exc.
899 3482 966 3546 Col,
980 3501 1043 3536 unus
1056 3485 1159 3551 Medic,
1174 3506 1218 3555 pro
1230 3508 1256 3543 v.
1270 3493 1291 3544 l.

95 3554 157 3619 XV,
171 3554 214 3606 at.
241 3555 302 3605 1188.
314 3553 367 3603 Sat.
384 3553 419 3615 ll,
434 3553 463 3616 8,
479 3555 504 3603 1.
717 3552 792 3605 Goth.
808 3553 832 3604 1.
865 3554 1053 3606 0818888888
1066 3557 1184 3606 etiamad
1198 3559 1293 3609 instru-

167 3648 249 3662 --
264 3651 291 3661 -
308 3649 338 3659 -
359 3622 397 3672 aie
414 3623 440 3672 ei
454 3640 538 3690 grace
553 3639 606 3674 noa
624 3629 672 3689 eet,
714 3624 1114 3690 montepiscaton'areferendus.
1150 3625 1240 3675 Gter.
1256 3654 1291 3667 -

169 3697 244 3762 Quae
251 3692 340 3761 prima
353 3693 450 3743 datum
459 3695 672 3760 centremploca-
714 3692 769 3744 Pal.
783 3695 822 3757 2.,
837 3709 922 3743 omnes
935 3693 1001 3742 etot.
1017 3699 1044 3740 et
1055 3692 1144 3755 reliqui
1158 3707 1212 3740 cuin
1225 3700 1289 3747 vett.

304 3763 453 3813 ceritasco.
714 3763 772 3813 cdd.
786 3763 885 3813 cultus.
911 3759 988 3812 Male.
1015 3759 1219 3824 Deindepiscem
1231 3762 1290 3816 Par,

132 3830 187 3881 lam
199 3836 273 3896 poeta
285 3830 315 3879 ad
328 3831 452 3896 proprium
465 3830 615 3881 narrationis
628 3843 673 3880 ca·
713 3833 758 3894 2.,
773 3831 876 3892 Boioi,
890 3829 976 3889 Fica,
992 3826 1082 3875 llamb.
1098 3826 1140 3891 l.,
1155 3829 1247 3884 Medic,
1264 3836 1288 3888 1,

94 3907 141 3969 put
153 3901 230 3950 venit.
262 3898 321 3949 Vid.
341 3915 367 3949 v.
383 3899 442 3950 711.
470 3930 479 3935 ··
515 3901 671 3949 Burmannus
714 3901 757 3960 2.,
778 3898 876 3962 Ν888.,
901 3896 971 3960 Lips.
994 3896 1038 3958 2.,
1063 3894 1291 3956 1188881118Ῑῆ

96 3969 208 4034 conjecit
230 3967 354 4036 aigeina,
380 3984 428 4034 qua
452 3968 567 4018 inductus
595 3981 672 4017 causa
715 3966 801 4016 Heius.
816 3979 872 4014 cum
891 3965 931 4014 ed.
946 3979 984 4029 pr.
1005 3991 1040 4004 -
1058 3963 1112 4017 Pal.
1126 3968 1153 4023 2.
1174 3980 1200 4024 et
1218 3974 1288 4041 vulg,

95 4054 146 4090 non
159 4043 271 4105 apparet.
709 4036 806 4105 pisces.

129 4107 192 4159 818.
212 4123 313 4168 cenea,
347 4104 455 4170 opibus,
488 4117 516 4152 88
542 4102 670 4153 familiari.
749 4102 810 4153 858.
831 4118 907 4167 aera,
927 4103 1124 4187 aereosheunos.
1157 4108 1227 4161 Fast.
1242 4111 1287 4176 Vl,

94 4176 166 4230 Fast.
181 4177 206 4239 l,
221 4175 283 4226 217.
714 4171 776 4226 238.

165 4246 197 4298 ln
214 4245 297 4314 pretio
313 4243 429 4310 pretium
447 4255 517 4293 nunc
536 4247 599 4292 eet:
623 4239 672 4292 dat
786 4240 866 4294 Festa
882 4241 937 4293 dies
956 4242 1008 4294 oto
1028 4244 1142 4310 pollina
1154 4249 1291 4302 madentia
1378 4310 1381 4315 ¹

303 4328 394 4362 cenans
410 4311 530 4372 donares,
922 4313 1031 4373 ducunt,

201 4383 301 4435 Censoe
320 4380 467 4441 curicitico&
487 4392 594 4447 pauper
612 4376 671 4428 utt-
817 4380 922 4448 Quique
940 4389 1035 4449 tegunt
1050 4384 1144 4447 parces
1166 4399 1231 4435 aera
1249 4401 1291 4436 re·

303 4450 445 4518 qnejaeet.
921 4467 1005 4500 maroa
1018 4451 1092 4500 aidis.

93 4520 244 4584 illiciam,
261 4518 362 4584 88881,
376 4518 485 4583 dicad,
499 4516 574 4569 Goth.
591 4515 615 4567 1.
629 4515 667 4579 2.,
712 4514 788 4567 Gaul.
802 4514 864 4569 tta.
880 4517 931 4581 111,
946 4518 996 4568 888
1009 4532 1079 4584 seqq.
