2864 4890
522 155 627 208 0Vllill
646 149 957 208 llllTAldlllil’llOSllS.

232 302 337 392 Finge
358 307 448 374 datos
470 333 604 392 currus3
626 309 702 396 quid
723 310 825 396 ages?
849 304 1012 396 poterisne
1032 306 1144 374 rotatis

235 391 363 458 Obvius
385 394 434 458 ire
454 394 550 482 polis,
572 419 614 460 ne
635 409 667 459 te
687 395 768 461 citus
788 395 917 460 auferat
938 390 1035 460 exisl
1304 403 1344 459 75

233 474 386 543 Forsitan
407 493 438 544 et
458 483 549 545 lucos
571 479 639 545 illic
660 483 819 565 urbesque
841 480 978 544 deorum

237 558 409 651 Concipies
430 565 539 630 animo
561 565 758 651 delubraque
780 562 858 630 ditia
878 561 972 627 donis

235 644 327 712 Esse.
370 647 438 714 Per
457 648 590 715 insidias
611 649 672 714 iter
693 665 740 716 est
760 649 947 734 formasque
970 646 1128 713 ferarum·

234 728 343 816 thue
366 733 456 800 viam
476 749 584 799 teneas
606 736 763 821 nulloque
788 757 899 800 errore
921 729 1078 812 trabaris3

233 815 301 880 Per
322 833 430 883 tamen
452 818 581 885 adversi
603 819 760 904 gradieris
782 840 905 885 cornua
926 813 1045 896 Tauri,

235 898 498 1004 Haemoniosque
518 927 624 987 arcus,
645 902 844 990 violentique
866 925 923 967 000
943 898 1077 983 Leonis,

235 982 405 1073 Saevaque
428 989 566 1054 circuitu
590 1005 780 1056 curvantem
802 986 933 1054 brachia
954 986 1054 1070 longo

235 1067 410 1160 Scorpion,
433 1089 528 1159 atque
549 1073 643 1139 aliter
664 1089 854 1140 curvantem
877 1068 1008 1137 brachie
1031 1067 1208 1138 cancrum.

234 1152 306 1220 Nec
328 1157 387 1222 tibi
409 1159 631 1246 quadrupedes
653 1159 815 1224 animosos
837 1156 967 1243 ignibus
988 1153 1068 1236 illis,

237 1240 329 1323 Quos
351 1241 386 1305 in
408 1258 537 1329 pectore
560 1244 690 1326 habent,
714 1267 793 1329 quos
815 1267 872 1307 ore
894 1256 925 1306 et
945 1238 1080 1304 naribus
1101 1238 1227 1325 efflant,
1301 1250 1343 1306 85

236 1323 276 1388 10
299 1341 429 1412 promtu
449 1351 563 1414 regere
582 1345 646 1395 est:
668 1329 730 1395 vix
748 1352 800 1394 me
821 1327 1000 1415 patiuntur,
1022 1323 1080 1388 ubi
1100 1347 1190 1392 aeres

235 1407 405 1475 lncaluere
426 1412 539 1495 animi,
562 1413 741 1497 cervixque
762 1425 922 1500 repugnat
943 1409 1090 1476 habenis.

233 1495 285 1559 At
306 1510 354 1576 tu,
376 1496 497 1563 funesti
520 1523 561 1563 ne
583 1499 645 1564 sim
666 1498 726 1564 tibi
746 1497 891 1563 muneris
913 1510 1041 1575 auctor,

234 1576 330 1660 Nate,
355 1604 445 1663 cave,
466 1583 544 1647 dum
566 1607 680 1669 resque
700 1582 789 1665 sinit,
812 1598 867 1649 tua
891 1579 1019 1665 corrige
1040 1592 1131 1646 vota.

234 1660 377 1747 Scilicet,
399 1681 437 1731 ut
455 1684 565 1733 nostro
586 1668 731 1755 genitum
753 1684 784 1732 te
804 1666 964 1752 sanguine
983 1665 1106 1747 eredas,
1300 1676 1345 1730 90

233 1748 379 1835 Pignora
402 1767 488 1817 certa
509 1753 609 1840 petis:
633 1755 674 1818 do
698 1753 836 1840 pignora
859 1766 946 1816 certa
968 1749 1124 1831 timendo,

234 1831 278 1898 Et
299 1834 405 1921 patrio
427 1852 518 1924 peter
540 1861 607 1904 esse
631 1852 720 1902 metu
742 1839 875 1924 probor.
918 1835 1059 1922 Adspice
1081 1833 1192 1901 vultus

234 1916 320 1982 Ecce
340 1944 441 2002 meos,
464 1922 651 2024 utinamque
673 1924 783 1987 oculos
805 1923 840 1986 in
859 1937 986 2010 pectora
1006 1943 1114 2007 posses

234 2000 382 2069 inserere
402 2023 433 2071 et
454 2008 575 2107 patrias
594 2023 681 2073 intus
703 2008 901 2094 deprendere
921 2007 1036 2071 curas!

234 2086 388 2174 Denique
410 2092 559 2177 quicquid
583 2094 677 2161 babet
698 2093 801 2174 dives,
824 2089 1047 2177 circumspice,
1069 2087 1222 2172 mundus,
1300 2099 1342 2153 95

234 2171 327 2259 Eque
349 2189 395 2241 tot
417 2199 455 2241 ac
476 2178 573 2243 tentis
594 2178 676 2244 coeli
697 2195 866 2263 terraeque
886 2176 1049 2260 marisque
1086 2234 1090 2239 .

234 2258 340 2324 Posce
362 2261 453 2327 bonis
476 2262 619 2348 aliquid:
641 2265 767 2329 nullam
789 2264 911 2350 patiere
933 2261 1109 2348 repulsam.

235 2342 406 2431 Deprecor
430 2347 492 2411 hoc
512 2372 627 2429 unum,
647 2348 732 2434 quod
754 2371 835 2415 vero
857 2346 989 2412 nomine
1010 2367 1127 2432 poena,

235 2426 313 2492 Non
329 2428 434 2493 bonor
449 2446 505 2495 est.
529 2432 685 2513 Poenam,
702 2433 884 2514 Phae'tbon,
901 2455 960 2519 pro
976 2453 1111 2494 munere
1126 2429 1274 2517 poscis·-

237 2510 325 2593 Quid
349 2536 420 2577 mea
443 2516 528 2579 eolla
550 2531 637 2581 tenes
659 2517 799 2600 blandis,
820 2516 946 2602 ignare,
969 2513 1120 2579 lacertis?
1281 2525 1344 2580 too

235 2594 287 2660 Ne
310 2596 438 2662 dubita:
461 2599 591 2665 dabitur
612 2636 628 2653 -
650 2599 782 2692 Stygias
803 2598 984 2692 juravimus
1001 2599 1105 2663 undas
1124 2633 1141 2650 ·

235 2679 471 2767 Quodcumque
493 2685 631 2772 optaris3
652 2692 708 2751 sed
729 2701 765 2752 tu
784 2685 959 2774 sapientius
982 2684 1095 2770 opta.“

278 2763 423 2833 Finierat
445 2769 604 2852 monitus3
627 2771 720 2838 dictis
739 2789 848 2838 tamen
869 2770 926 2834 ille
948 2780 1118 2854 repugnat,

234 2847 508 2938 Propositumque
528 2856 646 2943 premit
664 2861 844 2943 flagratque
865 2852 1018 2942 cupidine
1040 2874 1166 2919 currus.

233 2933 336 3021 Ergo,
359 2961 421 3022 qua
443 2938 548 3025 licuit,
570 2941 700 3029 genitor
719 2956 897 3022 cunctatus,
921 2939 961 3004 ad
981 2939 1061 3003 altos
1280 2946 1342 3002 105

154 3086 156 3088 -
184 3055 227 3108 74.
246 3057 310 3126 quid
321 3061 409 3128 ages?
429 3060 722 3129 Caut.,Pul.2.‚llheu.,
765 3064 838 3127 01000,
853 3077 924 3128 quem
938 3059 1024 3112 fabula
1032 3058 1183 3110 Centaurum
1195 3059 1274 3122 lingit,
1283 3060 1344 3112 iude

149 3125 213 3177 Thu.
228 3136 254 3178 et
266 3128 300 3180 Vl
314 3130 401 3182 Heius.
421 3148 501 3202 agas.
522 3132 589 3198 Gal,
605 3133 680 3186 Goth.
694 3135 722 3190 2.
767 3129 1172 3195 Haemoniosh.e.'l¹hesssles(l,
1183 3128 1270 3192 568.):
1284 3144 1345 3182 uam

148 3211 192 3263 pro
205 3214 230 3247 v.
245 3199 275 3262 1.‚
295 3200 355 3267 Lips
368 3203 394 3255 2.
409 3209 435 3250 et
447 3203 504 3252 edd.
518 3201 583 3253 Veu.
599 3204 676 3255 1486.
697 3211 724 3255 et
766 3202 885 3254 Centauri
898 3208 971 3253 eraut
982 3217 996 3249 e
1006 3199 1148 3249 Thessalia.
1163 3197 1341 3266 Xll,2lilsqq.

149 3266 226 3322 1192.
241 3269 311 3336 ogis.
344 3270 442 3336 Reliqui
455 3289 528 3341 ages,
549 3274 613 3338 quod
625 3274 651 3324 iu
664 3290 724 3324 000-
766 3273 831 3343 Hyg.
846 3272 875 3323 P.
888 3274 920 3324 A.
936 3270 968 3322 ll.
982 3286 1005 3319 c.
1017 3268 1061 3324 27.
1276 3293 1278 3297 ·

143 3334 284 3400 junctivum
309 3356 379 3406 agas
402 3343 513 3392 mutandi
536 3358 649 3394 caussam
673 3360 723 3394 000
800 3344 845 3394 83.
865 3343 951 3405 aliter,
970 3341 996 3390 lt.
1010 3356 1034 3390 0.
1048 3338 1073 3388 iu
1093 3337 1218 3387 diversant
1234 3343 1342 3402 purten.
1405 3340 1409 3345 ’

147 3405 237 3470 vide03
257 3422 312 3457 curn
325 3411 472 3474 praesertim
480 3414 581 3478 poteris
592 3419 721 3479 sequatur.
765 3413 804 3464 De
812 3413 900 3478 Scorp.
909 3411 961 3460 vid.
975 3411 1006 3459 ud
1019 3408 1096 3459 aas.
1112 3434 1143 3444 -
1157 3406 1201 3457 86.
1215 3406 1242 3457 t'n
1250 3423 1344 3474 psum.

146 3478 297 3543 —rotctiq
312 3478 468 3531 circumactis
481 3483 603 3546 vertigiue
617 3483 691 3532 coeli.
763 3490 797 3533 tta
810 3478 1024 3542 -000.111,96.
1057 3477 1119 3527 Cod.
1133 3476 1241 3538 Boram,
1264 3476 1342 3528 Gora.

184 3543 227 3596 76.
249 3547 363 3599 deomm.
395 3548 464 3601 Unus
482 3551 586 3615 Amba,
607 3551 662 3602 Pal.
681 3552 720 3615 2.,
764 3546 1343 3616 2.,Ρο0.1.,00016110100.01000000,

147 3611 239 3680 111000,
254 3616 319 3667 Thu.
334 3621 412 3669 cled.
426 3637 464 3686 pr.
494 3621 641 3690 dumosque,
655 3637 686 3671 ex
700 3620 720 3684 l,
763 3637 808 3686 pro
820 3617 988 3682 vulgatoubi.
1008 3644 1042 3658 -
1060 3615 1104 3666 89.
1124 3614 1221 3678 lunge:
1240 3617 1344 3670 amam

148 3683 209 3736 301.
223 3715 255 3724 -
269 3687 364 3739 Eodem
376 3692 447 3740 niodo
460 3691 528 3741 iuiru
541 3690 583 3753 lV,
601 3690 652 3742 137
665 3706 721 3756 sqq.
763 3707 805 3741 res
816 3689 890 3740 sinit.
911 3715 935 3724 ·-
960 3686 1004 3737 91.
1022 3685 1150 3748 timendo,
1171 3685 1224 3751 ipso
1240 3686 1342 3754 timore,

147 3751 254 3805 Turtam
266 3759 353 3809 urbem
367 3767 393 3809 et
405 3762 486 3811 lorum
499 3760 596 3810 tribuit.
765 3775 795 3810 eo
808 3759 872 3823 quod
890 3756 976 3806 timec.

184 3823 226 3874 78.
240 3829 347 3888 swnnae
354 3832 477 3892 serarum
489 3837 548 3881 suut
559 3829 628 3896 ipsae
641 3829 722 3880 10000.
800 3828 843 3883 92.
866 3827 964 3879 Probor
982 3824 1136 3875 construitur
1146 3829 1174 3873 ut
1187 3822 1273 3890 dicor,
1292 3824 1344 3877 du-

147 3889 216 3943 llicit
240 3903 322 3947 autent
343 3899 477 3951 duodecim
501 3901 573 3964 sigua
592 3899 722 3966 (v.18.),
766 3897 843 3950 litor.
869 3895 920 3958 Vl,
946 3895 1007 3950 208.
1029 3895 1142 3962 Adspice
1164 3909 1236 3962 ecce,
1261 3901 1290 3945 ut
1310 3911 1345 3948 m

148 3976 213 4026 quaa
225 3972 314 4029 poetae
326 3968 411 4020 vivere
425 3970 560 4021 finxerunt.
576 3970 595 4034 l,
611 3970 654 4021 73.
675 3969 724 4020 Ce-
766 3968 854 4035 aspice
865 3982 890 4016 v.
904 3965 965 4019 283.

147 4037 229 4081 lerum
239 4049 302 4098 quae
315 4038 386 4101 sigua
398 4041 436 4090 sol
449 4055 531 4090 annua
544 4056 620 4090 cursu
631 4038 725 4090 trausi-
802 4038 845 4089 91.
865 4035 1027 4103 deprendere,
1040 4045 1202 4094 cognoscere.

147 4115 176 4150 00
189 4101 287 4169 dicitur,
303 4122 333 4157 00
345 4109 370 4158 h.
384 4108 403 4158 Ι.
416 4109 505 4158 diurno
518 4108 609 4160 itinere
622 4108 724 4161 transiri
802 4107 845 4158 97.
864 4106 957 4168 Voss,
979 4102 1056 4155 Grau.
1077 4116 1134 4151 exc.
1155 4107 1181 4150 et
1198 4098 1234 4150 Vl
1253 4099 1342 4152 lleius.

147 4169 287 4240 6030010ος
307 4192 344 4226 00.
358 4178 460 4227 licentia
475 4177 583 4244 poetica.
762 4179 879 4245 patiare.
899 4203 934 4216 -
955 4173 1014 4224 181.
1035 4171 1114 4238 Styg.
1128 4170 1225 4221 undas.
1245 4169 1342 4221 Vidv.

184 4241 227 4292 79.
245 4254 284 4309 ut,
299 4246 348 4304 iae,
363 4246 438 4309 linge.
767 4247 811 4298 18.
831 4274 862 4286 ·-
883 4244 942 4298 182.
961 4242 1114 4310 sapientius,
1128 4238 1284 4305 prudentius.

180 4310 224 4362 80.
244 4316 354 4380 edumei,
373 4322 460 4364 contra
471 4321 497 4364 te
517 4313 595 4364 versi.
620 4312 723 4379 Spectat
799 4315 859 4366 104.
879 4314 1033 4379 Propositum
1041 4309 1146 4378 premit,
1162 4311 1202 4374 qui
1216 4310 1240 4358 in
1254 4322 1344 4374 propo-

147 4380 212 4432 euim
226 4381 334 4444 Taurus,
349 4383 434 4445 sidus,
453 4385 485 4434 ad
498 4383 577 4433 solem
590 4383 721 4434 00100000.
763 4385 811 4435 sito
825 4383 948 4433 consistit.
980 4382 1055 4434 Goth.
1071 4381 1095 4431 1.
1110 4379 1184 4432 etlll
1198 4380 1285 4431 lleiut.
1303 4387 1344 4433 te-

140 4447 208 4514 1175.
218 4459 292 4515 poet.
304 4451 409 4501 101000.
424 4450 456 4503 ΙΙ.
470 4469 494 4504 0.
508 4452 554 4510 21.
743 4475 746 4480 ·
764 4461 818 4518 net,
831 4453 863 4502 ab
876 4452 966 4502 inscito
978 4457 1131 4502 conectere.

159 4515 207 4564 al.
239 4516 462 4593 Haemoniosque
482 4540 581 4595 m,
613 4519 726 4589 sinae·
802 4521 864 4574 166.
882 4525 1230 4592 qttu,quautum,quatcuus.

1317 4652 1382 4765 90
