2864 4890
115 165 167 219 34
496 158 600 212 ovtntt
619 159 923 214 naimoneflosas.

201 314 407 379 Exstinetum
429 327 486 393 est,
508 329 698 401 centumque
718 316 827 380 oculos
849 336 919 378 nox
941 331 1076 415 occupat
1096 340 1178 385 nna.

200 399 333 485 Excipit
354 399 413 463 hos
437 399 643 484 volucrisque
663 424 741 465 suae
761 396 916 466 Saturnia
937 423 1053 486 pennis

202 482 358 564 Collocat,
383 499 413 548 et
431 483 566 568 gemmis
588 486 724 549 eandam
743 483 944 548 stellantibus
966 483 1090 572 implet.

243 569 396 633 Protinus
420 570 541 634 exarsit
559 593 619 633 nee
640 585 787 658 tempora
809 568 931 634 distulit
944 568 1032 650 irae,

199 651 470 737 Horriieramque
492 654 593 719 oculis
615 653 787 739 animoque
809 652 925 742 objecit
946 652 1100 743 Erinnyn
1246 668 1308 722 725

200 737 332 802 Pellicis
351 737 538 824 Argolicae,
561 738 769 825 stimulosque
789 738 826 802 in
846 755 976 827 pectore
997 761 1109 804 caecos

201 820 353 888 Condidit
374 838 404 887 et
425 824 600 910 profugam
645 848 681 888 er
702 840 806 889 totum
827 823 941 887 terruit
964 825 1089 890 orbem.

96 965 106 980 ,
200 906 342 972 Ultimus
363 907 521 974 immenso
540 848 693 990 restabas,
714 908 802 990 Nile,
825 907 942 973 labori.

200 991 307 1073 Quem
327 992 425 1057 simul
446 1018 483 1057 ac
504 993 618 1079 tetigit,
642 992 814 1080 positisque
835 991 870 1057 in
890 992 1039 1077 margine
1059 993 1150 1082 ripae

201 1077 376 1142 Procubuit
399 1077 534 1163 genibus
555 1078 769 1165 resupinoque
791 1079 891 1142 ardua
913 1079 1010 1160 collo,
1246 1090 1309 1144 780

202 1161 292 1242 Quos
314 1161 417 1248 potuit
437 1163 534 1243 solos,
557 1164 673 1228 tollens
695 1164 734 1227 ad
755 1163 860 1228 sidera
880 1163 1004 1244 vultus,

200 1245 242 1311 Et
263 1246 384 1330 gemitu
406 1261 436 1310 et
460 1247 601 1312 lacrimis
625 1263 656 1313 et
676 1249 836 1313 luctisono
854 1247 982 1334 mugitu

201 1329 285 1394 Cum
307 1328 389 1396 Jove
409 1332 479 1395 visa
501 1333 593 1416 queri
615 1349 672 1415 est,
694 1335 856 1417 finemque
878 1355 972 1397 orare
994 1331 1168 1398 malorum.

201 1413 357 1515 Ganjngis
378 1414 433 1478 ille
455 1440 531 1480 suae
553 1419 742 1505 complexus
765 1419 848 1482 colla
870 1417 1012 1499 lacertis,

199 1499 309 1564 Finiat
330 1516 365 1563 ut
386 1523 505 1586 poenas
528 1504 669 1584 tandem,
692 1504 801 1588 rogat,
822 1501 950 1587 „litque
971 1503 1121 1566 futurum
1246 1511 1308 1568 735

199 1584 317 1664 „Pone
338 1590 468 1648 metus“
489 1585 611 1671 inquit,
634 1611 826 1672 „nunquam
848 1587 907 1653 tibi
928 1609 1039 1652 caussa
1062 1584 1184 1651 doloris

199 1669 290 1733 Haec
312 1668 412 1750 erit,“
435 1686 465 1735 et
487 1668 617 1758 Stygias
636 1670 725 1761 jubet
746 1673 806 1736 boe
828 1671 940 1736 audire
962 1671 1107 1758 paludes.

199 1754 246 1819 Ut
266 1753 363 1817 lenita
387 1755 444 1817 dea
466 1770 531 1835 est,
553 1757 662 1821 vriltus
681 1756 766 1842 capit
786 1755 843 1820 illa
865 1756 1001 1844 priores,
1047 1816 1050 1821 .

198 1838 314 1923 Fitque
336 1838 419 1922 quod
443 1855 517 1903 aute
539 1840 619 1905 suit:
643 1840 775 1926 fugiunt
797 1865 814 1905 e
837 1865 973 1929 corpore
995 1855 1091 1919 setae,

200 1921 331 1989 Cornua
355 1923 552 2006 decrescunt,
575 1927 611 1990 fit
632 1925 765 1990 luminis
788 1926 908 1992 arctior
930 1926 1031 2006 orbis,
1244 1930 1309 1989 740

201 2007 412 2072 Contrahitur
433 2008 544 2090 rictus,
567 2010 703 2075 redeunt
724 2010 915 2097 humerique
939 2033 1129 2094 manusque,

199 2092 394 2179 Ungulaque
414 2092 447 2156 in
471 2094 585 2177 quinos
607 2095 731 2183 dilapsa
752 2097 933 2162 absumitur
951 2118 1087 2182 ungues.

198 2177 252 2264 De
274 2178 358 2242 bove
379 2177 426 2240 nil
451 2194 607 2265 superest,
630 2181 755 2246 formae
780 2181 844 2246 nisi
866 2181 999 2263 candor,
1021 2179 1058 2244 in
1078 2176 1149 2260 illa,

150 2301 210 2358 722.
229 2300 342 2352 nolueris
360 2317 440 2366 suae,
459 2302 561 2365 pavonis
584 2303 625 2367 qui
645 2302 690 2354 Ju·
769 2301 872 2358 722111
884 2304 1006 2372 margine
1016 2303 1099 2370 ripae.
1121 2299 1194 2351 Coos.
1203 2296 1236 2362 V,
1244 2297 1308 2350 598.

114 2373 172 2424 noni
186 2387 267 2422 sacer·
296 2370 369 2420 Conf-
386 2371 417 2431 ll,
434 2371 494 2425 532.
511 2372 570 2423 533.
586 2379 611 2422 et
627 2371 687 2438 XV,
733 2372 760 2423 ln
775 2373 877 2435 Dresd.,
891 2372 982 2436 Rhea,
1005 2372 1074 2437 Lips.
1087 2373 1113 2425 2.
1136 2377 1162 2420 et
1181 2369 1309 2419 nonnullis

49 2497 54 2511 ,
115 2443 175 2495 385.
195 2440 305 2490 Martini.
320 2439 390 2501 XlV,
406 2440 449 2488 85.
532 2445 535 2450 '
733 2443 820 2493 Heius.
836 2459 886 2510 que
899 2443 978 2503 deest,
1000 2447 1028 2490 ut
1042 2441 1072 2490 ab
1087 2441 1125 2490 his
1144 2440 1229 2490 verbis
1246 2453 1311 2505 apo-

185 2510 266 2562 Nnne
278 2509 390 2559 iunonis
409 2511 479 2574 anis,
499 2511 545 2562 sed
554 2511 629 2576 prins
640 2513 691 2564 Ar·
734 2513 801 2562 dosis
815 2513 925 2577 incipiat.
947 2511 967 2560 ,1
971 2508 1046 2560 aba.

115 2649 180 2701 Plio.
196 2648 227 2698 ll.
243 2646 275 2698 N.
285 2587 584 2714 X.gd.siditpavooibns
604 2649 692 2699 tribuit
733 2578 1098 2713 11111311)11111111(1111111111,ἶιᾱ
1115 2577 1223 2726 odelmi
1254 2574 1310 2628 Nn·

115 2726 267 2783 geminantes
287 2718 399 2780 colores,
422 2725 447 2765 et
466 2725 548 2780 guttas
569 2719 594 2768 in
608 2721 688 2769 cauda
766 2719 826 2770 731.
857 2734 949 2786 „qnos
971 2718 1040 2768 solos
1059 2720 1149 2782 potuit
1173 2711 1310 2766 cuttuc³“

114 2795 189 2839 vocat
202 2788 299 2836 oculos.
320 2786 425 2836 Phaedr.
440 2787 482 2849 lll,
501 2787 542 2837 18.
558 2788 689 2857 Pictisque
731 2804 787 2839 nam
806 2804 893 2838 manus
908 2789 962 2852 jain
982 2803 1030 2836 non
1051 2790 1149 2851 poterat
1162 2785 1194 2832 ad
1208 2783 1309 2834 eoelum

110 2859 211 2926 plumis
222 2873 367 2924 gemmeam
380 2857 494 2907 caudam
506 2859 634 2924 explicas.
732 2860 831 2909 tollere.
852 2858 926 2908 Geni.
936 2855 979 2921 IV,
988 2856 1047 2908 684.
1057 2854 1100 2918 Vl,
1109 2854 1171 2909 203.
1186 2852 1259 2916 Virg.
1273 2853 1307 2905 A.

151 2927 211 2981 724.
242 2927 271 2975 Io
296 2927 407 2977 immisso
432 2944 450 2976 a
474 2927 576 2978 Junone
595 2934 689 2991 surore
732 2929 763 2994 ll,
779 2928 839 2979 405.

117 2999 218 3048 multas
231 3013 280 3062 per
296 3004 381 3047 terras
394 2998 519 3064 agitatur
530 2999 689 3066 tandemque
800 2999 844 3050 Ad
857 2997 955 3049 coelum
968 2997 1077 3048 tendens
1093 2992 1216 3046 ardmtia
1229 2993 1310 3044 lumi-

116 3071 142 3119 in
156 3073 304 3134 Aegyptam
316 3068 399 3132 venit,
417 3068 466 3117 udi
476 3068 621 3120 humanam
628 3073 689 3134 for-
938 3083 976 3117 na
987 3070 1103 3130 frustra,

116 3157 186 3190 azam
205 3139 296 3204 recipit
313 3147 339 3189 et
356 3138 405 3188 dea
422 3140 525 3188 nomine
538 3139 614 3190 laidis
627 3139 689 3190 coli·
800 3137 933 3188 Lumina.-
962 3152 1026 3187 nam
1049 3145 1153 3188 teneras
1178 3131 1310 3186 arcebant

117 3207 170 3260 tur'.
190 3208 305 3274 Apollod.
319 3207 351 3256 ll.
368 3223 391 3255 e.
407 3206 431 3257 1.
447 3207 511 3274 Hyg.
525 3208 554 3258 F.
570 3209 628 3260 145.
939 3207 1046 3258 adtenta
1054 3206 1172 3272 palmas.

152 3276 688 3343 725.ltorrif.-Erinnqn.Val.Fl.lV,392.
734 3276 841 3328 Tellena
863 3277 918 3327 cod.
940 3275 1019 3343 liaph.
1046 3275 1126 3338 liegii,
1153 3272 1175 3322 ll
1196 3271 1308 3334 uersu,

184 3375 220 3388 —-
274 3374 305 3384 -
359 3374 391 3382 -
447 3374 481 3384 —
534 3356 629 3398 etecce
732 3347 942 3411 Berol.,Dresd.,
959 3343 1195 3408 Gat.,G0n1.t.2.‚
1212 3339 1307 3403 Rhea„

187 3420 253 3469 Cam
265 3416 376 3481 facibus
389 3415 517 3482 spirisque
534 3425 560 3469 et
571 3425 689 3471 tartareo
732 3416 803 3481 Lips.
817 3418 855 3479 2.,
871 3416 947 3479 Stat,
959 3431 1023 3465 unus
1036 3414 1126 3476 Sallu,
1140 3410 1209 3472 Urs,
1220 3408 1307 3472 Vetat,

325 3486 435 3535 ululatu
732 3485 848 3535 meliores
861 3485 947 3536 lleiirs.
963 3492 989 3534 et
1002 3486 1042 3535 ed.
1057 3482 1095 3550 pr'.
1112 3510 1145 3523 -
1157 3480 1234 3542 Vulg.
1249 3486 1309 3531 tett-

188 3556 348 3623 Tisipbanen
363 3556 443 3605 videt.
732 3555 805 3619 dena,
823 3556 888 3619 quod
906 3563 932 3605 et
949 3555 1014 3604 idem
1034 3551 1136 3620 probaui
1156 3551 1188 3600 ad
1205 3555 1308 3599 senten-

116 3629 153 3680 tte
168 3628 250 3678 Furiis
269 3627 319 3676 vid.
338 3626 369 3675 ad
384 3623 425 3686 lV,
440 3621 500 3672 451.
532 3622 582 3673 Atii
602 3631 689 3688 poetas
731 3625 792 3673 tiam
803 3640 859 3674 esse
873 3625 946 3673 docet
962 3624 1036 3674 etiam
1055 3624 1098 3672 ille
1119 3635 1208 3672 versas
1221 3617 1308 3682 Virgi-

117 3697 335 3749 ocstroaJunane
355 3696 430 3744 misso
449 3693 567 3755 agitatam
582 3691 689 3756 fingunt.
731 3693 823 3743 lianus.
846 3720 877 3728 -
897 3692 955 3747 732.
974 3694 1103 3744 luctisono
1123 3691 1239 3758 mugitu.
1267 3688 1308 3738 Da

116 3768 187 3829 Virg.
211 3767 242 3818 G.
265 3768 308 3831 111,
332 3767 391 3820 152.
413 3794 445 3803 -
466 3762 524 3816 7211.
541 3762 629 3829 pellex
641 3765 690 3813 Ar-
732 3764 840 3829 spondeo
855 3762 880 3810 io
894 3764 977 3826 quinto
988 3764 1050 3829 pede
1063 3762 1115 3811 vid.
1129 3761 1161 3810 ad
1175 3777 1200 3808 v.
1215 3759 1257 3812 112.

117 3838 215 3902 getica,
232 3837 257 3885 lo
273 3854 335 3901 qaae
346 3835 464 3898 Argolide
479 3833 582 3882 oriunda
592 3833 689 3899 pellicis
768 3831 828 3882 733.
850 3830 918 3894 Gal,
934 3831 1008 3882 Goth.
1024 3832 1060 3894 1.,
1076 3830 1130 3881 Ρ11.
1146 3831 1184 3892 2.,
1199 3827 1256 3878 Par.
1265 3828 1305 3890 2.,

117 3906 172 3953 loeo
186 3904 241 3953 Jovi
255 3905 345 3955 fuerat.
365 3903 618 3955 1’111.1(11.5118.-
634 3902 687 3952 six.
733 3899 823 3964 Rhea,
843 3901 913 3966 Lips.
927 3903 965 3964 2.,
985 3902 1065 3964 Flam,
1081 3899 1173 3966 Neap,
1190 3899 1265 3948 Bern.
1282 3902 1309 3946 et

118 3975 146 4024 ia
154 3981 280 4039 pertora3
301 3989 330 4022 ac
344 3975 487 4039 plerumque
501 3975 526 4023 in
542 3975 580 4024 his
600 3973 690 4024 earmi-
732 3970 790 4021 Vlll
805 3971 847 4020 alii
862 3979 901 4022 eet
914 3971 1037 4020 omittunt.
1052 3998 1087 4012 -
1106 3967 1253 4031 73711111,
1268 3967 1305 4015 lo.

117 4044 189 4092 nibus
207 4048 280 4107 poeta
296 4042 382 4090 scribit
402 4045 510 4093 condere
527 4045 618 4112 aliquo
635 4045 690 4094 loro
733 4069 766 4080 -
785 4040 905 4109 Stygias.
924 4040 982 4091 Vid.
998 4041 1029 4091 ad
1043 4056 1069 4090 v.
1085 4038 1144 4090 139.
1159 4045 1185 4088 et
1198 4037 1229 4100 ll,
1245 4036 1306 4086 101.

117 4114 158 4162 vel
173 4113 199 4163 in
212 4111 326 4177 aliquem
345 4111 439 4160 locam.
472 4111 521 4160 Sed
540 4123 612 4165 vetus
627 4115 691 4165 scri-
770 4109 829 4162 739.
849 4129 862 4160 e
881 4127 993 4177 corpore.
1018 4111 1120 4171 Dresd.,
1138 4107 1206 4169 nat,
1229 4106 1305 4157 Goth.

116 4190 188 4247 ptura
213 4188 313 4246 propter
337 4194 482 4228 consensum
503 4179 623 4233 libroruin
642 4201 690 4235 non
734 4180 809 4244 1.2.,
833 4181 893 4248 Lips
917 4182 954 4243 2.,
975 4179 1046 4230 Vrnt.
1061 4187 1087 4229 et
1099 4184 1161 4228 vett.
1181 4177 1255 4226 edd:
1276 4175 1309 4226 de

117 4253 248 4302 niot'endn.
269 4250 341 4312 Virg.
357 4249 387 4298 n.
402 4247 446 4309 1Χ,
463 4248 523 4297 347.
734 4268 846 4317 corpore.
861 4279 891 4288 -
907 4257 989 4301 setae.
1008 4250 1080 4312 Virg.
1096 4248 1159 4298 Aen.
1171 4246 1227 4309 Vll,
1245 4244 1305 4296 7⁹0.

187 4321 292 4372 Pectore
304 4321 331 4370 in
349 4319 457 4368 adverso
480 4325 565 4369 totam
586 4320 632 4372 eni
648 4338 690 4373 co.
733 4321 830 4384 lojam
844 4320 906 4372 setis
919 4321 1013 4386 obsita,
1022 4320 1081 4384 jam
1096 4320 1148 4368 dos.

324 4390 509 4440 minutatum
769 4390 829 4444 742.
850 4390 911 4440 Cod.
932 4391 1039 4452 berem,
1060 4388 1158 4455 plurimi
1179 4384 1265 4436 lleins.
1282 4388 1309 4431 et

184 4459 316 4512 Condidit.
733 4460 820 4525 edpr.
832 4461 951 4526 delapsa.
966 4459 1172 4511 nonnulliHeios.
1186 4454 1307 4507 didam.

114 4533 188 4584 Crini.
204 4532 274 4583 Fast.
287 4529 319 4595 V,
334 4529 396 4585 269.
416 4528 489 4580 Laid.
505 4543 618 4597 comare.
768 4528 827 4580 tta.
839 4534 945 4594 saturae
956 4531 1010 4584 aiei
1020 4530 1127 4582 candor.
1143 4527 1235 4577 viav.
1245 4523 1307 4578 ⁵52.
