2864 4890
616 154 718 208 LlBEll
735 155 806 209 XlV.

202 302 419 384 „Humanum
439 305 575 392 dignare
596 323 703 394 capnt.
746 306 820 374 Neu
842 310 967 374 nescius
989 336 1089 394 erres,

200 389 280 454 Lux
302 406 431 455 aeterna
452 390 533 455 milri
555 391 759 477 carituraque
778 395 844 457 line
864 395 1010 475 dabatur,

200 470 237 537 Si
258 498 329 538 mea
347 474 518 560 virginitas
539 475 672 542 Phoebo
717 477 847 543 atuisset
867 480 999 542 amanti.

204 557 293 622 Dum
314 575 421 624 tamen
442 560 527 624 lianc
547 578 655 648 sperat
662 502 769 642 ,dum
790 560 1077 651 praecorrumpere
1096 561 1189 626 donis

201 641 255 707 Me
277 645 381 731 cupit,
402 690 426 726 „
436 643 557 731 „Elige
565 649 603 726 ,“
624 645 670 711 ait
694 646 815 732 „virgo
838 645 997 729 Cumaea,
1020 647 1097 732 quid
1119 661 1220 734 optes,
1236 654 1291 708 135

200 726 389 815 ,‚„0ptatis
409 729 531 816 potiere
551 729 687 795 tuis.““
728 729 801 817 Ego
822 731 967 819 pulveris
989 732 1094 798 hausti

201 812 383 878 Ostendens
404 815 590 896 cumulum,
612 831 689 900 quot
710 815 842 882 haberet
861 840 997 904 corpora
1022 815 1143 906 pulvis,

201 897 268 962 Tot
288 898 369 963 mihi
392 900 513 964 natales
534 899 722 985 contingere
741 924 826 968 vana
846 900 975 987 rogavi.

201 981 350 1064 Excidit,
367 1000 404 1049 ut
422 999 563 1084 peterem
582 982 716 1075 juvenes
739 1010 865 1072 quoque
885 985 1033 1073 protinus
1053 1006 1168 1049 annos·

200 1065 275 1130 Hoc
294 1083 402 1132 tamen
424 1070 480 1134 1lle
501 1069 583 1134 milri
604 1070 718 1152 dabat,
741 1087 967 1156 aeternamque
1000 1083 1165 1150 urentem,
1234 1076 1292 1128 140

198 1149 236 1216 Si
257 1149 419 1218 Venerem
440 1169 579 1240 paterer.
623 1152 950 1228 Contemtomunere
971 1093 1097 1220 llhoebi

198 1234 325 1301 lnnuba
347 1261 545 1323 permaneo.¹
577 1235 641 1304 Sed
660 1237 727 1329 jam
746 1238 876 1305 felicior
890 1255 975 1304 aetas

200 1320 311 1406 'l'erga
331 1322 435 1404 dedit,
458 1325 659 1408 tremuloque
680 1327 784 1405 gradu
806 1324 896 1390 venit
917 1346 1014 1409 aegra
1035 1335 1200 1400 senectus3

201 1404 295 1489 Quae
317 1407 465 1494 patienda
485 1408 541 1472 diu
561 1424 619 1475 est.
663 1407 749 1475 Nam
768 1407 836 1500 jam
856 1408 938 1473 mihi
959 1407 1087 1472 saecula
1107 1421 1228 1492 septem

197 1492 280 1555 Aeta
302 1491 413 1572 vides3
436 1508 590 1579 superest,
615 1517 769 1560 numeros
796 1509 832 1558 ut
853 1492 997 1580 pulveris
1019 1513 1165 1575 aequem,
1234 1497 1292 1552 145

199 1575 420 1642 Tercentum
441 1601 575 1659 messeS,
598 1595 795 1644 tercentum
819 1596 924 1642 musta
947 1577 1071 1642 videre.

200 1660 346 1748 Tempus
368 1661 446 1742 erit,
470 1686 544 1740 cum
562 1664 602 1728 de
623 1678 711 1729 tanto
731 1687 783 1729 me
804 1685 940 1750 corpore
961 1683 1097 1749 parvam

199 1744 315 1830 Longa
337 1745 404 1810 dies
426 1747 541 1828 saciet,
565 1766 794 1832 consumtaqne
814 1747 960 1811 membra
980 1758 1107 1810 senecta

197 1831 251 1894 Ad
273 1830 445 1896 minimum
465 1831 653 1920 redigentur
674 1857 767 1899 onus.
810 1831 880 1898 Nec
901 1845 1006 1894 amata
1027 1827 1175 1911 videbor,

197 1914 267 1981 Nec
289 1915 446 2002 placuisse
468 1917 540 1982 deo.
583 1917 735 1983 Phoebus
754 1939 881 2004 quoque
898 1914 1036 1979 forsitan
1059 1912 1127 2000 ipse
1238 1922 1296 1974 150

200 2000 266 2063 Vel
288 2022 354 2064 non
375 2017 544 2085 agnoscet,
564 2005 619 2066 vel
641 2001 792 2066 dilexisse
814 1998 963 2085 negabit:

198 2082 309 2168 Usque
331 2086 411 2149 adeo
432 2099 554 2150 mutata
575 2086 681 2166 ferar,
704 2085 850 2170 nullique
871 2083 1023 2161 videnda,
1051 2124 1055 2129 -
1102 2156 1106 2161 q
1169 2125 1172 2131 -

151 2269 210 2320 131.
231 2284 303 2331 „neu
314 2268 431 2330 nescius,
446 2285 483 2320 sc.
498 2285 560 2336 quae
573 2269 630 2333 situ,
643 2287 683 2320 er·
831 2275 900 2339 Quot
919 2274 1026 2318 sumunt
1044 2259 1168 2334 optior,
1193 2259 1231 2314 “tl
1248 2275 1297 2311 mi·

112 2342 186 2391 res.“
222 2339 259 2389 De
272 2339 404 2389 verborum
423 2339 599 2406 compositione
613 2341 682 2390 conl.
931 2351 1080 2403 meumque
1092 2331 1193 2383 bibunt.

111 2426 138 2460 v.
153 2409 196 2462 32.
210 2416 236 2459 et
248 2408 291 2462 33.
326 2407 479 2474 Scripturam
495 2426 548 2463 neu
566 2409 684 2459 exhibent
796 2407 914 2459 lnuenies
928 2405 995 2470 illic,
1015 2405 1064 2472 qui
1075 2401 1196 2455 Nestoris
1208 2399 1297 2451 ebibat

112 2478 225 2530 nonnulli
239 2475 345 2539 Heius,
364 2477 466 2541 borel,
480 2478 585 2540 breed,
606 2478 681 2530 Gotb.
843 2498 846 2503 ·
935 2491 1034 2538 nunes,

114 2549 139 2599 1.
158 2549 202 2610 2.,
228 2546 298 2613 Lips.
324 2547 369 2609 2.,
394 2546 467 2599 Vrnt.
494 2555 519 2598 et
537 2555 598 2598 vett.
624 2548 683 2597 edd.
830 2548 906 2612 Quae
923 2545 959 2596 sit
971 2561 1023 2612 per
1042 2542 1135 2594 culices
1149 2541 1231 2606 suctu
1257 2539 1298 2591 siff

114 2617 269 2684 Reliquiae.
306 2615 380 2666 Coei.
405 2630 429 2665 v.
450 2617 494 2669 32.
519 2645 543 2654 -
568 2618 617 2669 lun
639 2634 682 2683 pro
935 2614 1090 2681 bpilasuos.

112 2689 219 2750 vito,ut
231 2685 280 2748 Vl,
299 2684 362 2738 272.
376 2691 402 2736 et
414 2686 516 2750 passim.
572 2704 573 2708 ¹
726 2683 903 2750 Prop.ll,2‚
925 2684 968 2733 15.
1126 2745 1128 2748 ¹

150 2757 207 2808 131.
230 2771 475 2821 praecorrumpere,
490 2764 552 2808 ante
572 2771 684 2805 cerrum·
797 2753 875 2806 Hane
887 2749 1096 2813 utrbnmsuet'sm
1112 2750 1180 2804 nolit
1196 2758 1298 2812 mutar,

110 2843 169 2895 pere
183 2824 492 2888 donisquamconcnbitn.
527 2825 626 2885 Vidv.
638 2825 682 2875 55.
938 2830 1069 2885 senectus,

113 2897 162 2959 lX,
181 2895 242 2946 295.
280 2892 445 2958 Coni.XlV,
465 2897 508 2945 55.
777 2916 781 2922 -
841 2890 904 2942 Etsi
933 2892 1064 2947 Cumaeae
1091 2891 1200 2942 saecula
1228 2889 1299 2940 eutis

147 2966 207 3016 135.
227 2963 305 3029 uirgo
320 2963 446 3017 Cumaea.
481 2964 541 3016 Vid.
556 2962 617 3019 121.
934 2970 1007 3028 aget.

148 3033 209 3085 138.
227 3048 315 3089 uuna,
336 3032 422 3082 stulta.
763 3027 823 3079 117.
842 3034 944 3095 tempus
956 3032 1018 3096 erit,
1037 3044 1096 3081 cum
1112 3026 1144 3083 de
1160 3035 1236 3081 tanto
1249 3044 1295 3078 me.

148 3095 208 3152 733.
238 3099 348 3165 excidit,
380 3101 476 3163 animo,
506 3101 683 3150 memoria-
728 3097 804 3149 Goth.
825 3096 850 3146 1.
871 3114 921 3163 quo
941 3116 981 3150 me
1004 3101 1036 3150 ds
1057 3105 1143 3149 terro.
1180 3097 1250 3162 Lips.
1271 3097 1296 3148 2.

107 3173 219 3237 ¹irruenee
243 3185 343 3231 anuos,
362 3176 390 3220 nt
413 3168 477 3232 Vll,
503 3169 565 3221 235.
613 3169 684 3220 Alter
727 3166 831 3218 eumde
847 3174 925 3220 tauta
942 3185 991 3223 me.
1029 3166 1126 3232 Reliqui
1146 3181 1248 3229 omnes,
1273 3174 1299 3216 nt

112 3242 218 3300 Horeb,
244 3237 413 3290 nnus‘lleins.
439 3243 465 3288 et
489 3237 562 3288 Leid.
587 3238 686 3290 eccidit
728 3235 859 3290 edidimus.

110 3321 238 3378 optarem.
764 3303 822 3353 118.
846 3304 935 3368 saciet
954 3337 965 3346 -
985 3304 1150 3373 redigentur.
1194 3305 1299 3371 Aroud„

147 3382 207 3431 142.
227 3377 329 3428 innuba
350 3391 501 3443 permaneo.
544 3375 615 3442 Apud
640 3375 685 3426 Ti·
728 3372 820 3440 Ceut„
846 3373 954 3438 Drcsd.,
985 3373 1042 3425 Eri.
1069 3374 1111 3434 1.‚
1143 3372 1235 3426 Medic,
1261 3378 1297 3436 3.‚

112 3451 173 3501 bull.
189 3448 226 3508 11,
248 3447 278 3509 5,
301 3445 344 3496 63.
373 3445 484 3512 Sibylla:
513 3444 581 3497 Vero
601 3461 686 3508 cano,-
721 3440 823 3515 ⁴Noetu,
842 3440 954 3506 Pal.l.‚
975 3441 1053 3505 Urb.‚
1075 3443 1134 3495 Vat.
1151 3444 1298 3498 Letumtti

109 3520 149 3571 ric
160 3550 172 3558 -
185 3524 320 3570 aetermm
331 3514 366 3568 sit
377 3514 443 3566 mihi
456 3515 607 3583 originitus.
727 3510 823 3565 Heinsii
830 3513 922 3576 saciat
941 3521 967 3563 et
984 3515 1152 3582 rediguntur.
1191 3515 1241 3566 Sed
1262 3517 1300 3566 fu-

148 3587 206 3638 145.
224 3601 345 3639 nummos
363 3583 495 3651 pulueris,
526 3586 545 3637 i.
566 3602 590 3653 q.
609 3600 685 3652 supra
725 3588 808 3632 turum
820 3583 845 3632 in
859 3599 902 3633 ore
914 3582 1073 3634 vaticinantis
1090 3584 1171 3651 aptius
1191 3600 1247 3634 csse
1261 3586 1299 3633 vi-

112 3673 137 3708 v.
155 3656 213 3708 137.
233 3670 342 3722 corpora
350 3653 476 3722 pulueris.
727 3652 816 3716 detur,
835 3659 861 3702 et
873 3653 993 3717 mojorem
1012 3669 1107 3718 quoque
1127 3654 1300 3703 auctoritatem

147 3725 207 3777 145.
232 3733 337 3788 musta,
363 3723 512 3775 vindemius.
542 3722 612 3774 Fust.
641 3723 684 3790 lll,
726 3723 858 3772 vetustatis
871 3722 955 3772 babet.
992 3722 1061 3772 Fast.
1077 3721 1104 3784 l,
1126 3721 1187 3772 529.

112 3794 174 3847 557.
618 3817 623 3825 ¹
799 3791 989 3859 Temperare,
1008 3806 1089 3856 quum
1100 3806 1147 3841 vos
1166 3790 1301 3858 orbemque

183 3862 276 3915 Tertia
299 3861 442 3914 nudandas
464 3868 604 3933 acceperat
622 3880 687 3916 areu
935 3856 1052 3909 tuebitur
1064 3858 1138 3924 idem,

319 3946 422 3990 messes,
832 3925 944 3989 Etfieut
953 3927 1011 3996 ipso
1023 3944 1103 3980 encra
1115 3930 1213 3981 colente
1224 3931 1280 3981 deo.

215 4000 298 4068 loque
315 4017 394 4051 cavos
406 4001 492 4052 icrunt
504 4001 584 4052 tertia
598 4007 686 4053 musta
729 3996 804 4049 Coul.
817 4003 899 4045 tumen
914 3994 951 4058 X,
971 3995 1031 4050 207.
1049 4027 1078 4036 -
1102 3997 1140 4049 De
1157 4002 1240 4068 longo
1259 4002 1300 4052 die

325 4072 414 4132 lucus3
728 4080 820 4130 genere
835 4063 951 4114 feminino
964 4065 1015 4115 vid.
1030 4074 1081 4119 not.
1095 4069 1128 4118 ad
1141 4069 1203 4131 XV,
1218 4070 1278 4120 863.

183 4139 295 4191 Pellitur
307 4139 386 4190 Anna
403 4140 487 4189 doeio.
766 4133 825 4184 150.
845 4143 988 4201 agnoscet,
1006 4153 1043 4187 se.
1057 4145 1115 4190 unte
1132 4140 1256 4203 cognitum
1275 4148 1300 4189 et

112 4210 236 4274 Superest
255 4222 311 4257 cnut
334 4207 424 4260 inlinit.
446 4207 521 4256 etiam
540 4204 602 4269 Vll,
626 4206 685 4256 143.
729 4209 846 4254 aruntem.
867 4202 974 4268 Medic,
1003 4207 1069 4271 Ox„
1096 4208 1190 4261 Zwicc.
1209 4216 1234 4258 et
1251 4209 1299 4259 XV

112 4278 229 4328 Ceterum
254 4283 325 4327 aetus
349 4277 460 4344 Sibyllae
483 4277 508 4326 in
527 4275 686 4342 proverbium
727 4272 822 4324 Heinsii
835 4289 886 4324 non
899 4285 1048 4342 cognoscet,

112 4346 185 4396 abiit.
222 4346 292 4396 Fast.
310 4345 358 4409 lll,
379 4344 440 4396 531.
763 4342 822 4393 152.
843 4345 961 4412 nullique
972 4347 1098 4406 videnda,
1114 4345 1131 4393 i.
1144 4362 1167 4394 e.
1177 4346 1223 4394 etsi
1239 4348 1299 4395 nulli

183 4416 244 4466 Sole
268 4423 357 4468 tamen
378 4416 491 4483 uinoque
509 4413 611 4475 colent,
637 4426 685 4463 nn·
726 4413 751 4462 b.
766 4419 829 4474 eqe'
847 4415 913 4464 nullo
933 4415 1013 4467 videri
1031 4415 1132 4482 possim.
1154 4414 1218 4478 XV,
1238 4416 1298 4466 811.

320 4500 419 4552 nosqm
428 4489 581 4552 precantur,
726 4481 796 4534 nulli
807 4485 945 4537 cernenda.
