2864 4890
121 153 199 211 su

500 147 605 202 0Vlllll
622 145 931 203 UETAMORPHOSES.

204 300 340 383 Reddit,
361 300 419 367 ubi
439 299 599 367 Aeoliden
621 324 739 367 saxum
764 325 866 386 grave
886 297 1056 392 Sisyphon
1077 321 1191 394 urget·

119 392 122 400 '
203 389 337 452 Aeacon
356 386 500 471 agnoscit
519 409 663 450 summus
689 388 878 473 prolemque
899 388 1019 453 fatetur

201 470 328 557 Jupiter
348 494 415 535 esse
434 494 536 534 suam.
582 469 638 536 Sic
664 494 684 535 a
710 469 794 536 Jove
821 469 933 536 tertius
954 471 1058 560 Ajax.

201 554 272 620 Nec
293 569 400 619 tamen
423 556 501 619 haec
521 554 619 618 series
640 554 675 618 in
696 578 790 619 causa
813 554 925 640 prosit,
949 557 1087 636 Achivi,

204 637 241 704 Si
265 638 343 703 mibi
365 663 439 702 cum
461 663 580 724 magno
604 663 669 703 non
700 655 746 704 est
768 640 947 704 communis
970 641 1115 706 Achille.
1275 655 1311 711 8ο

203 722 319 787 Frater
340 739 424 787 erat:
448 724 591 787 fraterna
613 740 698 809 peto.
744 722 831 806 Quid
854 724 1011 808 sanguine
1034 741 1144 793 cretus

204 805 379 896 Sisyphio,
400 807 559 892 furtisque
580 823 610 872 et
629 808 744 871 frande
765 806 952 873 simillimus
972 809 1036 892 illi,

205 889 325 955 lnseris
347 890 498 955 Aeacidis
524 891 648 955 alienae
668 894 799 955 nomina
823 890 953 974 gentis?

206 976 277 1055 An,
300 976 385 1060 quod
407 975 440 1038 iu
464 999 555 1040 arma
577 975 668 1061 prior
689 977 844 1060 nulloque
863 977 923 1040 sub
943 976 1050 1042 indice
1070 978 1166 1061 veni,

203 1061 309 1124 Arma
332 1061 477 1139 neganda
500 1059 600 1139 mibi,
624 1060 791 1145 potiorque
812 1059 975 1126 videbitur
995 1061 1065 1145 ille,
1277 1074 1313 1130 55

203 1142 328 1208 Ultima
349 1143 405 1227 qui
426 1143 509 1229 cepit
531 1144 781 1228 detrectavitque
809 1144 923 1209 surore

208 1226 359 1291 Militiam
381 1231 473 1308 licto,
498 1229 599 1292 donec
620 1227 784 1292 sollertior
803 1226 864 1292 isto

205 1309 249 1376 Et
270 1310 332 1376 sibi
353 1311 520 1394 inutilior,
550 1312 656 1377 timidi
677 1327 856 1378 commenta
878 1311 998 1378 retexit

120 1514 257 1566 inferorum
281 1516 415 1579 finguntur.
447 1516 500 1579 lX,
520 1517 570 1568 435
586 1518 692 1569 -416

121 1585 201 1652 lleyu.
228 1584 292 1635 Exc.
312 1585 358 1635 Xl.
373 1587 404 1635 66
416 1585 487 1648 Virg.
502 1585 534 1636 A.
547 1586 592 1637 Vl.
611 1615 636 1624 -
658 1587 695 1638 si·

120 1654 247 1717 lentibus,
280 1654 410 1704 silentibus
435 1655 539 1705 umbris.
564 1655 604 1721 V,
630 1656 691 1708 356.

119 1722 186 1785 XV,
207 1722 267 1772 722.
283 1723 381 1772 61767.

737 1533 793 1568 666.
808 1516 905 1580 Lung.,
927 1515 1007 1567 llben.
1029 1523 1056 1568 61
1070 1534 1138 1569 nnus
1150 1517 1231 1572 Voss.
1249 1522 1313 1574 inss-

734 1587 781 1638 rit.
796 1615 829 1626 -·
849 1586 957 1648 inseris,
977 1589 1126 1652 metaphora
1144 1590 1178 1639 ab
1200 1590 1310 1641 insitione

736 1656 892 1705 surculorum
905 1656 992 1720 petita.
1007 1656 1074 1706 Plin.
1091 1656 1156 1708 Pan.
1177 1659 1257 1711 637.
1270 1661 1312 1710 iss·

732 1724 836 1791 piebis
855 1725 1003 1776 nominibus
1027 1725 1110 1776 inseri
1127 1729 1309 1794 publs'eonuu.

153 1792 197 1846 26.
216 1791 265 1841 ubi
274 1821 286 1830 -
298 1799 386 1858 urget.
425 1790 627 1856 Circumscriptio
640 1798 693 1841 tar·
736 1793 844 1843 Pbaedr.
859 1793 908 1854 lll,
929 1793 954 1845 3.
969 1794 1073 1846 insiliri
1082 1795 1184 1860 liberi,¹
1197 1799 1283 1864 spurii.

118 1862 176 1923 1661,
192 1860 215 1909 16
225 1876 272 1924 qua
285 1860 694 1928 acerbissimehsigniliouturdubia

119 1928 200 1980 Ulixis
214 1930 299 1991 origo:
314 1944 370 1978 cum
385 1929 450 1979 lama
463 1937 541 1990 esset,
554 1930 695 1980 Anticleam

121 2015 177 2049 eum
191 2015 238 2048 non
252 2014 266 2048 e
280 1998 371 2048 Lairte
384 2000 487 2059 morito,
508 1999 552 2048 sed
565 2015 579 2048 e
592 2006 694 2048 versuto

122 2067 228 2135 Sisypho
242 2066 294 2132 (X,
309 2067 383 2132 44.),
398 2068 469 2117 Aeoli
483 2067 533 2117 lilio
547 2067 615 2132 (1666
628 2069 695 2118 Aeo-

120 2137 201 2203 liden)
216 2137 352 2202 peperisse.
385 2137 458 2186 Serv.
472 2136 504 2186 66
516 2136 587 2199 Virga
602 2137 632 2187 A.
648 2137 693 2200 vt,

120 2207 181 2259 528.
202 2207 266 2274 Hyg.
281 2206 310 2256 ll.
325 2205 385 2258 261.
422 2207 503 2271 Atque
516 2204 606 2256 acerbe
619 2206 695 2269 igitur

119 2290 166 2326 svo
186 2291 247 2337 suo,
266 2276 366 2336 Aeaco,
387 2273 467 2325 Ulixis
485 2290 558 2325 avum
584 2277 692 2340 opponit.

118 2343 152 2394 Et
167 2345 240 2394 simul
260 2345 346 2394 matris
359 2345 414 2408 ejus
434 2345 576 2409 pudicitiam
596 2345 695 2395 dubiam

118 2415 210 2463 reddit.
231 2415 267 2463 lle
281 2413 379 2481 Sisyphi
392 2415 494 2463 crimine
508 2429 537 2463 66
550 2429 630 2478 poena
642 2415 693 2464 616.

121 2481 169 2542 Ν,
189 2482 250 2531 466.
264 2482 325 2532 466.
347 2483 411 2550 Hyg.
426 2483 455 2532 F.
471 2483 513 2532 66.
528 2483 589 2535 261.
605 2510 633 2521 -
649 2500 696 2534 ur-

120 2558 185 2616 get,
200 2565 255 2598 cum
268 2566 362 2599 summa
376 2551 534 2600 contentione
546 2552 635 2601 volvit.
649 2552 693 2614 Ν,

118 2619 179 2668 466.
199 2648 224 2655 -
253 2618 335 2668 Stroz.
357 2626 383 2668 et
402 2620 477 2668 barb.
496 2621 615 2670 Aeolides
627 2651 639 2660 -
652 2621 695 2671 Si-

116 2687 213 2755 666666
225 2695 320 2754 urget,
341 2703 354 2736 e
369 2687 418 2747 Ν,
434 2689 494 2737 466.
510 2717 542 2728 -
569 2688 616 2748 Ν,
631 2690 692 2740 466.

197 2758 252 2807 Aut
272 2757 343 2822 petis
373 2765 423 2806 out
445 2773 525 2822 urges
549 2757 691 2821 ruiturum,

324 2824 447 2892 Sisyphe,
466 2842 571 2876 saxum.

148 2891 193 2946 27.
221 2892 295 2942 Gaul.
316 2893 378 2956 Vll,
400 2894 450 2944 614
470 2910 539 2958 seqq.
558 2923 587 2934 -
625 2894 693 2943 Sori-

113 2970 210 3028 pturum
231 2963 354 3029 agnoscit
378 2964 434 3012 666.
456 2963 568 3023 berun,
588 2963 690 3026 Dresd.‚

77 3037 86 3051 “
120 3031 293 3093 1161612,
322 3031 417 3095 11666,
437 3031 495 3081 Ρ66.
518 3032 543 3083 1.
557 3034 601 3094 2.,
622 3031 691 3096 LipS.

114 3103 152 3163 2.,
167 3101 250 3163 Vrst.,
266 3100 371 3163 Zwicc.‚
386 3102 497 3167 plerique
510 3102 597 3150 Heius.
611 3107 636 3149 61
649 3103 690 3166 66.

113 3186 153 3236 pr.
173 3178 287 3234 tuentur,
308 3186 370 3234 quae
390 3172 482 3220 rectior
499 3179 553 3231 est,
573 3178 601 3219 61
619 3187 692 3235 prae-

116 3256 173 3290 sens
187 3242 219 3289 sit
232 3242 297 3288 iuter
310 3242 459 3304 praesentia.
475 3240 556 3302 Vulgo
569 3241 692 3306 ognovit.

149 3309 193 3361 28.
213 3326 230 3358 α
243 3310 315 3358 Jove.
343 3309 401 3358 Bas.
417 3310 459 3368 1.,
480 3309 614 3369 116162,
635 3309 689 3358 Ρ61.

115 3378 159 3437 2.,
181 3376 278 3438 11666,
298 3375 354 3426 Vat.
372 3377 487 3426 16166.
503 3395 540 3442 pr.
556 3379 589 3427 ab
602 3379 677 3427 Jove.

151 3445 194 3495 26.
214 3446 242 3494 io
255 3461 347 3494 causo.
386 3446 423 3494 116
438 3446 525 3494 116166,
539 3448 690 3496 vetustiores

115 3515 241 3580 plerique,
263 3514 370 3574 Dresd.,
392 3514 524 3576 (161162,
540 3515 597 3564 Par.
615 3516 638 3565 1.
653 3518 690 3580 2.,

116 3582 214 3645 libem,
235 3584 293 3634 Bas.
308 3584 334 3634 2.
350 3582 390 3643 3.,
409 3583 479 3646 Lips.
500 3584 544 3644 2.,
571 3584 644 3634 Vrut.
665 3592 691 3634 61

116 3653 212 3705 Zwiec.
226 3681 259 3692 -
295 3652 369 3714 Vulg.
390 3652 417 3702 in
437 3668 561 3715 causam,
582 3654 646 3716 quod
665 3660 691 3702 et

115 3724 194 3790 ipsum
207 3724 231 3772 b.
246 3723 265 3771 l.
279 3723 328 3772 dici
342 3728 432 3787 potest.

151 3795 194 3843 30.
220 3793 270 3857 „si
294 3794 336 3858 (ea
355 3808 391 3840 sc.
412 3789 502 3853 series)
523 3788 589 3840 milri
608 3805 665 3839 cum
678 3817 690 3827 -

114 3861 317 3912 communeb.“-
334 3861 426 3912 Zwice.
442 3868 468 3909 61
481 3859 591 3908 nonnulli
601 3859 687 3909 Heius.

113 3931 160 3980 sit.

150 3997 194 4046 31.
208 3998 311 4059 frater,
332 3999 356 4045 b.
371 4015 395 4047 e.
412 3999 491 4049 l'rater
503 3998 623 4064 patruelis
644 3995 686 4062 (V.

115 4065 159 4116 41.
174 4065 198 4126 1,
222 4064 311 4125 352),
333 4065 421 4117 Peleus
434 4069 512 4129 enim,
527 4067 632 4117 Achillis
645 4082 689 4131 pa-

114 4142 166 4197 ter,
195 4139 220 4182 61
245 4131 364 4183 Telamon
390 4136 475 4198 Ajaois
500 4144 571 4202 pater
595 4137 689 4186 1661666

113 4210 200 4263 66661,
227 4208 252 4250 61
271 4200 313 4247 lilii
334 4201 419 4251 Aeaci.
441 4204 503 4266 Vll,
531 4205 591 4254 476.
631 4205 689 4254 1666

114 4289 139 4322 6.
155 4273 197 4321 33.
212 4269 333 4320 Aeacidis
346 4287 389 4334 pro
403 4287 493 4332 genere
508 4290 529 4322 s.
545 4275 615 4321 66166
625 4277 689 4323 Aea-

113 4343 146 4390 61.
166 4339 391 4390 1666666161.
412 4355 435 4388 c.
450 4341 475 4389 2.
497 4342 690 4406 ignobilitatem

112 4427 188 4463 66661
201 4409 307 4476 magnis
320 4410 469 4459 nominibus
485 4410 584 4461 inserit.

147 4481 190 4530 33.
210 4479 267 4529 Eri.
284 4479 361 4543 1.2.,
377 4478 452 4528 11616.
465 4480 503 4542 2.,
518 4479 688 4543 6666116166,

773 1897 816 1946 34.
831 1896 984 1960 Indignantis
997 1905 1024 1949 61
1034 1899 1164 1951 1661666116
1178 1902 1308 1965 66161661,

737 1980 827 2028 rogare
841 1981 871 2015 ne
885 1981 914 2015 en
928 1967 998 2016 nobis
1011 1968 1104 2031 obsint,
1118 1985 1184 2034 quse
1197 1973 1308 2037 prodesse

738 2034 809 2084 nobis
821 2035 863 2084 vel
883 2035 989 2085 maxime
1002 2036 1028 2086 in
1040 2053 1120 2089 66666
1132 2039 1237 2091 666661.
1270 2040 1307 2090 ct.

737 2103 803 2153 16166
821 2119 847 2153 6.
869 2103 929 2154 135.
955 2104 1007 2168 ΙΧ,
1027 2106 1070 2158 21.
1106 2106 1253 2163 (1166.-
1283 2109 1308 2161 in

737 2189 829 2237 arma,
859 2174 891 2222 66
915 2173 1007 2223 bellum
1030 2174 1180 2240 Troianum.
1224 2178 1307 2229 116666

737 2242 828 2291 666666
842 2249 912 2291 66161
924 2239 1024 2293 Ulixen.
1062 2244 1128 2313 llyg.
1142 2246 1176 2297 F.
1191 2246 1235 2298 65.
1265 2245 1311 2299 661

737 2318 796 2361 erut
812 2327 979 2376 responsum,
1004 2313 1030 2363 si
1047 2314 1086 2364 od
1110 2314 1227 2374 Troiam
1243 2316 1306 2381 16661,

734 2388 797 2447 post
810 2379 874 2429 XX.
889 2396 989 2431 onnam
1009 2383 1109 2448 solum,
1132 2384 1214 2435 sociis
1227 2385 1308 2453 perdi·

738 2451 787 2513 tis,
806 2456 924 2514 egentem
944 2451 1047 2501 domum
1063 2453 1225 2505 rediturum.
1261 2455 1310 2507 lte-

737 2535 787 2584 que
799 2535 859 2568 oum
870 2519 951 2569 sciret
963 2520 1000 2569 ad
1011 2537 1039 2570 se
1051 2530 1171 2574 oratores
1183 2531 1309 2589 66616666,

738 2589 870 2637 insaniam
889 2589 1029 2653 simulans,
1050 2591 1151 2658 pileum
1178 2595 1310 2646 6116661161

737 2673 830 2722 equum
850 2673 909 2706 eum
929 2658 992 2706 bove
1006 2659 1102 2721 junxit
1121 2662 1161 2712 ad
1184 2672 1308 2716 uratntu.

738 2729 820 2792 Quem
836 2727 990 2776 Palamedes
1010 2727 1122 2793 (Nauplii
1138 2729 1172 2794 1.)
1190 2740 1223 2783 ut
1239 2733 1309 2795 vidit,

735 2796 816 2845 sensit
828 2796 952 2845 simulare
964 2802 1013 2846 etc.
1028 2825 1060 2834 —
1086 2797 1176 2848 Ulixes
1195 2802 1273 2852 iratus
1289 2802 1311 2851 in

734 2865 824 2912 castris
838 2865 900 2928 apud
914 2863 1015 2928 ‘frojam
1033 2865 1197 2934 Palameden,
1212 2872 1312 2922 abscon·

735 2934 786 2981 dito
800 2940 857 2982 6616
871 2934 894 2980 16
909 2934 964 2997 ejus
977 2936 1084 2984 tentorio
1104 2951 1186 3000 auro,
1214 2954 1313 2990 666666·

735 3002 784 3061 611,
805 3003 869 3065 quod
883 3017 943 3051 6666
964 3018 979 3052 6
999 3003 1096 3053 Priamo
1119 3016 1254 3073 corruptus
1275 3024 1312 3059 es·

735 3078 789 3131 661,
809 3086 933 3134 causaque
949 3071 1010 3133 luit,
1031 3074 1092 3122 ntis
1106 3075 1195 3126 166666
1210 3094 1224 3127 6
1238 3077 1312 3128 Gne-

734 3140 770 3188 cis
784 3139 905 3203 lapidibus
925 3142 1090 3192 occideretur.
1111 3171 1145 3181 -
1184 3146 1249 3196 llice
1266 3146 1313 3199 sili

734 3208 864 3270 inutilior,
884 3210 947 3272 quod
962 3210 1110 3273 illojudicio
1124 3212 1205 3264 vitam
1225 3217 1311 3266 6661611.

734 3277 792 3327 Via.
812 3293 836 3326 v.
858 3278 890 3326 56
911 3294 980 3344 seqq.
1002 3279 1061 3329 368.
1093 3280 1148 3329 Cic.
1172 3283 1249 3334 01116.
1270 3284 1310 3335 111.

734 3361 758 3394 6.
771 3345 822 3397 -26,
862 3347 926 3413 llyg.
946 3347 974 3396 P.
998 3347 1057 3399 165.
1096 3348 1184 3414 Quint.
1208 3354 1260 3404 Sm.
1281 3352 1309 3414 V,

738 3415 795 3464 168.
834 3415 906 3465 8666.
928 3417 959 3464 66
979 3417 1050 3479 Virg.
1071 3418 1103 3467 A.
1119 3419 1158 3482 ll,
1181 3421 1227 3472 81.
1264 3423 1312 3473 lio·

733 3499 816 3532 merus
842 3485 914 3547 liujus
942 3485 977 3534 rei
995 3486 1145 3536 mentionem
1169 3506 1219 3540 non
1244 3492 1308 3542 16611.

733 3552 802 3602 Adeo
823 3554 901 3602 multa
927 3555 1001 3604 rebus
1020 3554 1138 3618 Trojauis
1164 3560 1310 3612 addiderunt

733 3622 884 3687 posteriores
898 3630 995 3686 poetae.
1011 3653 1043 3664 -
1061 3626 1111 3675 sub
1125 3627 1221 3680 indice.
1256 3629 1307 3682 Set

734 3691 758 3741 6.
774 3692 793 3739 Ι.
808 3706 908 3740 causam
922 3692 1073 3742 allicientem
1088 3701 1169 3745 66161.

769 3777 812 3828 37.
831 3779 976 3845 sollertior,
997 3780 1121 3832 callidior.

768 3863 810 3913 38.
831 3865 926 3916 etsibi.
948 3866 1030 3915 Berol.
1048 3874 1149 3917 616666
1164 3869 1238 3920 Leid.
1258 3869 1308 3932 sed,

732 3934 796 3997 quod
809 3932 916 3983 Nasonis
936 3937 1057 3984 rationem
1077 3943 1103 3985 61
1122 3938 1222 3989 6166661
1241 3953 1308 3988 mun

732 4017 817 4067 purum
830 4004 965 4068 respiciens
985 4021 1060 4070 prave
1074 4007 1172 4071 recepit
1187 4008 1307 4057 lleiusius.

732 4070 783 4130 Xl,
807 4072 865 4125 126.
886 4072 1007 4143 dicesque
1018 4075 1157 4141 miserque.
1172 4076 1247 4140 Xlll,
1267 4076 1307 4126 45.

727 4140 809 4203 sortis
828 4149 853 4192 et
872 4142 983 4205 inselin,
1009 4143 1051 4192 ubi
1064 4144 1117 4194 vid.
1139 4152 1194 4195 not.
1215 4175 1234 4182 -
1263 4144 1310 4196 sibi

733 4211 866 4268 inutilior,
886 4226 910 4275 q.
926 4227 950 4260 6,
964 4228 1024 4261 6666
1038 4213 1113 4263 661611
1127 4215 1210 4265 minus
1223 4231 1309 4264 eonsu-

733 4280 804 4339 lens,
825 4280 917 4329 dicitur
935 4281 1087 4346 Naupliades
1107 4300 1130 4333 s.
1153 4283 1308 4344 Palamedes,

733 4349 791 4412 quia
823 4356 851 4398 ut
875 4350 946 4399 modo
977 4353 1187 4415 memoravimus,
1215 4357 1310 4405 detecta

734 4416 814 4468 Ulixis
829 4417 915 4467 166666
929 4421 983 4484 ejus
997 4421 1079 4471 odium
1092 4428 1119 4472 61
1132 4423 1157 4472 ul
1163 4424 1256 4474 tionem
1268 4438 1310 4473 ex·

733 4494 819 4552 pertus
832 4494 880 4537 661.
