2864 4890
641 218 742 274 LIBER
760 219 831 276 xiv,

209 367 421 457 Flammaque
441 394 501 460 per
521 385 602 438 totas
622 371 693 438 visa
716 388 765 437 est
786 395 895 437 errare
919 374 1089 443 medullas.

210 454 257 520 Ut
276 457 420 542 primum
440 456 550 523 valido
571 473 712 522 mentem
734 459 864 544 collegit
885 458 926 522 ab
948 476 1055 542 aestn3

212 539 300 622 Quid
324 557 471 630 cuperet,
494 543 619 607 fassura
641 542 723 607 fuit:
743 567 786 606 ne
808 559 913 631 posset
934 543 1037 629 adire,

213 622 335 691 Cursus
359 626 431 711 equi
453 628 531 692 fecit
553 626 830 712 circumfususque
851 629 989 693 satelles.

212 709 348 792 „·„Non
372 727 481 776 tamen
503 712 655 797 effugies,
679 728 779 776 vento
798 713 926 812 rapiare
948 713 1069 799 licebit,
1250 728 1310 783 355

213 793 251 860 Si
271 798 369 861 modo
392 820 444 860 me
464 797 560 879 novi,
584 796 611 860 si
633 819 699 860 non
723 813 855 861 evanuit
876 796 980 861 omnis

211 878 399 945 Herbarum
420 881 526 947 virtus
547 905 608 946 nec
628 904 679 945 me
700 905 772 946 mea
792 881 936 946 carmina
955 883 1147 949 fallunt.““

212 963 331 1046 Dixit,
355 981 386 1030 et
408 965 549 1052 effigiem
573 968 664 1030 nullo
687 990 760 1030 cum
783 989 918 1053 corpore
939 965 1015 1032 falsi
1170 972 1172 976 ’

211 1048 327 1114 Finxit
348 1050 438 1137 apri,
462 1067 651 1137 praeterque
674 1053 793 1116 oculos·
803 1067 1025 1116 transcurrere
1045 1052 1132 1138 regis

209 1126 312 1199 Jtissit
334 1148 365 1199 et
386 1135 422 1199 in
445 1138 581 1200 densum
601 1136 745 1200 trabibus
767 1158 881 1200 nemus
900 1135 949 1200 ire
968 1135 1088 1220 videri,
1249 1151 1311 1206 360

212 1217 361 1284 Plurima
384 1243 446 1304 qua
470 1221 552 1294 silva
575 1236 639 1302 est,
664 1235 694 1284 et
713 1245 794 1307 equo
816 1222 886 1284 loca
906 1221 1019 1306 pervia
1040 1245 1106 1286 non
1128 1237 1215 1291 sunt.

210 1301 308 1367 Haud
331 1303 440 1386 mora',
464 1304 618 1370 continuo
640 1305 779 1392 praedae
800 1305 879 1392 petit
899 1304 1019 1370 inscius
1041 1308 1194 1374 umbram

209 1386 326 1469 Picus,
350 1389 485 1476 equique
505 1391 591 1454 celer
610 1389 792 1476 spumantia
813 1406 906 1472 terga
927 1389 1094 1490 relinquit,

209 1469 372 1558 Spemque
393 1497 528 1558 sequeus
548 1498 669 1540 vanam
689 1475 771 1539 silva
794 1477 890 1562 pedes
913 1489 1000 1540 errat
1019 1499 1055 1540 ι6
1076 1479 1152 1545 alta.

211 1554 360 1644 Concipit
382 1557 439 1622 illa
462 1583 572 1646 preces
592 1575 623 1625 et
642 1561 743 1625 verba
765 1563 909 1624 venefica
932 1559 1020 1642 dicit,
1246 1575 1307 1628 865

209 1639 403 1728 Ignotusque
423 1644 499 1708 deos
519 1644 631 1730 ignoto
655 1644 798 1709 carmine
820 1646 944 1724 adorat,

209 1725 285 1808 Quo
306 1729 387 1793 solet
409 1743 441 1794 et
462 1729 577 1796 niveae
597 1730 726 1794 vultum
749 1730 950 1793 confundere
971 1729 1081 1812 lunae,

119 1887 122 1891 .
211 1810 253 1875 Et
274 1812 378 1899 patrio
400 1813 497 1901 capiti
520 1814 645 1879 bibulas
665 1816 838 1879 subtexere
857 1814 971 1878 nubes.

207 1896 297 1962 Tum
316 1922 442 1985 quoqne
465 1915 591 1966 cantato
613 1899 766 1964 densetur
787 1899 932 1964 carmine
953 1899 1081 1962 coelum

122 2102 188 2155 Thu·
203 2104 461 2171 optauimus.
476 2107 551 2172 sinu,
565 2109 629 2174 qnod
643 2109 695 2158 etli-
736 2107 785 2156 rol.
800 2113 826 2156 et
837 2103 870 2156 lV
886 2102 971 2154 lleins.
984 2101 1142 2167 fumantia,
1162 2107 1227 2171 qnod
1245 2111 1311 2160 reci·

122 2175 160 2223 dit
172 2173 305 2238 Heinsins3
320 2177 364 2225 sed
383 2177 442 2226 mini
455 2179 535 2241 magis
553 2194 586 2228 ex
605 2185 699 2227 natura
736 2191 796 2242 pere
809 2175 833 2224 in
847 2181 942 2224 textum
954 2180 1005 2222 tam
1018 2177 1252 2237 parvaauctoritate
1262 2196 1309 2230 non

120 2243 260 2309 puellarum
273 2260 329 2294 esse
341 2245 449 2308 videtur,
464 2248 537 2298 liores
549 2248 695 2311 legentium,
738 2245 846 2294 debebat
866 2242 981 2293 Heinsius
1003 2249 1029 2291 et
1057 2243 1159 2293 linxisse
1179 2247 1310 2300 videture

122 2320 149 2363 et
161 2314 242 2378 aptius
255 2315 311 2363 hnic
324 2314 379 2364 loco
392 2331 421 2366 ae
434 2317 553 2380 gravius,
569 2332 629 2382 prae
642 2323 696 2367 stu·
737 2313 808 2376 Virg.
836 2313 928 2374 Georg.
948 2311 986 2372 11,
1002 2310 1076 2363 642.
1120 2312 1239 2366 Meliores
1260 2316 1310 2385 (11)

121 2397 183 2448 pore
195 2383 289 2433 moveri
301 2391 397 2449 partem
410 2387 531 2451 eorporis.
545 2410 578 2428 -ι
598 2387 694 2448 36661,
738 2383 834 2434 Heiusii
848 2383 922 2432 etiarn
935 2380 1070 2447 relinquit.
1173 2422 1177 2429 .

122 2451 199 2503 Goth.
215 2452 254 2514 1.,
270 2452 328 2502 Par.
343 2455 382 2516 2.,
397 2453 476 2504 Sulnr.
493 2455 516 2507 1.
530 2457 573 2518 2.,
587 2454 694 2519 Zwicc.,
768 2453 830 2503 366.
843 2453 922 2502 narba
931 2452 1056 2514 66661166.
1072 2449 1109 2500 lta
1117 2447 1309 2520 Cael.‚l)rcstl.,

120 2521 219 2587 quidam
238 2522 305 2572 Cioi.
326 2530 351 2572 et
375 2524 446 2574 multi
473 2524 560 2576 Heius.
587 2525 691 2576 366666.
738 2521 812 2573 Goth.
826 2522 872 2583 2.,
891 2520 950 2570 Par.
972 2519 1013 2583 1.,
1033 2519 1103 2584 Lips.
1124 2519 1167 2583 2.,
1193 2521 1253 2573 Bas.
1271 2524 1309 2589 3.,

120 2589 219 2656 lleliqni
238 2591 342 2645 herbas.
379 2591 515 2660 Utrumque
535 2595 583 2645 dici
601 2602 693 2661 potest,
737 2592 796 2642 Bas.
811 2592 837 2643 2.
851 2591 986 2652 inmarg„
1006 2604 1070 2639 unns
1083 2588 1180 2652 Sulm,
1200 2589 1308 2658 Zwice.,

119 2661 163 2712 sed
178 2661 300 2726 posterior
319 2662 398 2712 oratio
416 2663 533 2714 usitatior
550 2671 605 2728 est,
630 2680 694 2730 qnae
736 2661 853 2711 meliores
872 2659 968 2709 Heinsii
985 2670 1075 2720 magno
1093 2673 1196 2709 numero
1222 2668 1248 2712 ct
1267 2664 1309 2714 ed.

118 2730 195 2780 etiarn
219 2731 296 2780 multo
321 2731 441 2796 mojorem
459 2733 535 2785 habet
557 2734 696 2784 auctorita·
736 2746 774 2797 pr.
791 2759 822 2770 -
848 2729 946 2795 Reliqui
958 2729 1038 2779 uerba
1051 2729 1209 2795 precantia,
1228 2746 1260 2781 ex
1274 2731 1308 2796 ll,

118 2806 169 2850 tem
182 2800 304 2852 codicum.
312 2799 414 2852 Terent.
428 2803 508 2853 Andr.
522 2819 547 2854 v.
557 2804 583 2855 3.
593 2805 694 2870 populo
736 2800 798 2853 482.
812 2828 845 2839 -
871 2798 966 2850 Deinde
986 2797 1102 2847 Heinsius
1119 2798 1213 2862 primns
1232 2801 1311 2852 edidit

117 2877 152 2921 vi
161 2870 312 2935 placerent,
332 2888 400 2938 qum
411 2873 692 2940 ecrpsasetsatatar.
736 2870 808 2934 elicit,
823 2869 887 2934 qnod
896 2869 958 2919 cod,
967 2867 1076 2929 Brun,
1090 2866 1192 2930 Berol.,
1205 2869 1308 2937 breed,
1367 2869 1372 2878 ”

110 2938 194 2993 ,(3661.
207 2938 270 2989 Met.
283 2938 346 3003 Vll,
366 2940 409 2991 59.
736 2939 812 2990 Goth.
828 2938 853 2989 1.
867 2939 909 3000 2.,
928 2937 1019 3000 Vrat.,
1040 2950 1056 2986 a
1071 2935 1094 2986 1.
1110 2951 1144 2987 m.
1165 2936 1261 2989 Ztviac.
1283 2947 1310 2991 ct

154 3025 216 3075 351,
239 3040 338 3075 erm,
364 3025 427 3077 Coti.
455 3028 568 3090 gemm„
595 3030 690 3092 3,qu
735 3009 779 3058 etl·
790 3024 829 3073 pr.
843 3007 1005 3068 confirmant,
1024 3011 1050 3054 et
1061 3011 1189 3071 praestat,
1206 3014 1234 3058 nt
1245 3009 1312 3060 inter

116 3093 222 3155 Drestl„
236 3092 290 3142 Pet.
303 3094 342 3156 2.,
357 3094 418 3159 Ox„
432 3095 504 3148 Vrat.
519 3104 545 3147 ct
558 3097 591 3149 lll
603 3099 690 3150 licius.
734 3077 878 3142 3139321113
889 3082 976 3134 ‘'w'’
995 3074 1102 3145 ‘'dm‘l:

116 3171 226 3221 torrere.
263 3163 322 3213 866.
337 3165 558 3230 etpluresHeins.
573 3168 673 3219 ardere.
770 3162 831 3213 366.
863 3161 970 3228 ignotos
993 3159 1069 3220 (10⁰⁸,
1107 3175 1145 3208 ⁸⁰·
1170 3174 1308 3224 maganum.

153 3232 214 3283 364.
234 3232 416 3293 circumfusus.
454 3234 592 3299 (1661111,
613 3237 672 3288 180.
735 3230 810 3281 Coui.
825 3245 850 3279 v.
865 3231 925 3279 464.
946 3229 1012 3278 Stat.
1027 3227 1107 3279 Theb.
1122 3227 1171 3292 lV,
1192 3230 1253 3282 516.

152 3301 213 3352 355.
238 3317 291 3351 nou
317 3308 414 3354 tomen.
457 3303 559 3370 lierni„
588 3306 690 3370 Dresd„
804 3299 843 3352 Et
854 3297 967 3366 triplicis
978 3297 1072 3349 muudi
1080 3314 1219 3364 summum,
1234 3317 1310 3369 quem
1398 3296 1403 3302 ”

115 3386 172 3439 Pul.
186 3389 213 3441 2.
227 3394 253 3438 et
264 3389 363 3454 plurimi
377 3389 409 3455 (t)
424 3389 512 3440 Heius.
524 3395 578 3442 nou
590 3391 644 3454 ait,
659 3407 692 3442 ex
941 3367 1007 3419 ‘dr‘
1017 3371 1151 3430 mmmm
1162 3377 1211 3423 ⁶⁸3·

115 3457 347 3523 interpretamento.
360 3487 395 3499 -
407 3459 510 3522 iicebt'i,
529 3461 571 3510 ubi
584 3477 616 3511 err
636 3462 692 3511 run
769 3453 830 3506 367.
851 3454 1023 3518 confundere,
1044 3453 1178 3522 hebetare,
1196 3456 1309 3526 turbare,

117 3527 173 3590 gari
193 3527 290 3576 dicendi
312 3529 490 3579 cousuetudine
509 3538 643 3594 poneretur
659 3531 692 3580 li·
732 3522 857 3574 iutbidam
870 3525 985 3574 reddere·
1016 3522 1091 3575 Conf·
1106 3523 1154 3590 lV,
1176 3525 1237 3576 332.
1251 3526 1308 3591 Vll,

116 3601 172 3663 cet,
190 3597 254 3662 apud
272 3603 358 3662 poetas
380 3612 455 3664 saepe
476 3597 577 3661 legitur.
614 3599 689 3650 Coni.
733 3593 794 3646 207.
816 3593 887 3644 Curt.
906 3593 975 3644 Vlli.
997 3592 1310 3658 cummaioribus

116 3663 155 3730 ll,
181 3664 224 3716 58.
248 3664 326 3716 Trist.
347 3664 385 3730 V,
413 3667 462 3731 14,
482 3667 508 3718 3.
552 3669 613 3720 Hor.
634 3669 689 3721 Sat.
733 3663 880 3731 essanguis
900 3671 979 3715 notas
999 3662 1099 3729 pallor.
1123 3661 1308 3728 „Menai-a,

116 3732 157 3797 11,
176 3734 209 3797 2,
229 3733 272 3784 56.
292 3733 372 3800 lipari.
386 3734 451 3800 XV,
474 3736 517 3787 19.
733 3732 794 3783 Bas.
809 3733 834 3783 3.
855 3740 880 3783 et
899 3733 932 3783 lll
951 3732 994 3781 alii
1014 3730 1101 3780 lleins.
1121 3728 1262 3796 deducere,
1282 3741 1311 3785 ut

153 3801 214 3852 356.
239 3802 354 3855 simodo
372 3822 414 3857 rae
432 3806 503 3859 noui.
547 3805 621 3860 Coni.
641 3807 689 3872 Xl,
732 3800 798 3864 xit,
816 3801 897 3863 263,
917 3799 948 3849 ab
961 3802 1044 3864 inepto
1058 3798 1146 3848 sciolo.

115 3870 265 3935 4521411,
286 3873 347 3923 334.
769 3870 829 3920 368.
847 3869 956 3936 patrio,
985 3867 1061 3918 Solis.
1089 3865 1148 3918 vid.
1169 3865 1219 3928 lV,
1244 3868 1306 3922 265.

152 3940 214 3992 367.
232 3941 260 3991 lt.
274 3943 375 4005 uirtus,
395 3943 421 3992 la.
441 3943 516 3994 vires.
530 3941 605 4006 Xlll,
627 3943 689 3997 342.
732 3936 892 3999 Χ111,668.
919 3935 1031 3986 616661.
1052 3934 1101 4002 iv,
1127 3935 1188 3988 332.
1208 3943 1234 3988 et
1252 3937 1307 4004 Vll,

113 4009 690 4064 -Vrotetdetcrioreslieins.etmemeu.
733 4006 784 4060 207
798 4022 852 4071 sqq.
868 4013 901 4046 -'-
918 4006 1055 4056 subtexere
1073 4005 1163 4057 nuber·
1200 4007 1308 4059 Lucrct.

151 4078 212 4130 366.
232 4080 364 4140 trabibus,
386 4079 527 4129 arboribus.
541 4079 613 4141 Vlll,
628 4080 689 4131 326.
733 4074 784 4137 Vl,
811 4074 873 4126 481.
902 4075 1011 4126 caerula
1036 4075 1176 4127 subtexere
1202 4078 1307 4130 666816.

114 4145 165 4211 lV,
195 4148 256 4199 366.
281 4147 341 4198 Val.
361 4148 401 4199 Fi.
428 4146 479 4212 lll,
505 4149 566 4199 484.
596 4150 691 4202 decem
733 4143 805 4206 Virg.
826 4144 858 4194 A.
881 4144 932 4208 lli,
961 4144 1022 4200 582.
1048 4146 1149 4198 coelum
1167 4147 1309 4200 subtexere

113 4217 194 4270 trabe
206 4217 299 4285 Mysia
312 4225 421 4270 morter.
767 4229 817 4264 aro.

149 4286 210 4338 361.
230 4287 362 4353 plurima,
383 4286 539 4339 densissima.
558 4285 613 4351 XI,
629 4286 688 4340 tto.
768 4281 830 4332 366.
849 4281 981 4335 duamur.
1017 4281 1055 4333 ltu
1066 4282 1179 4345 Arane,
1195 4280 1253 4333 Plr-
1266 4284 1306 4350 2.,

90 4356 94 4363 “
111 4352 187 4417 vill,
208 4355 268 4407 583.
733 4349 824 4416 Cant,
840 4350 928 4404 llarnb.
939 4373 947 4416 i
960 4350 1052 4403 Medic.
1068 4351 1112 4415 3.,
1125 4350 1198 4414 Nou,
1214 4351 1305 4420 Neap.‚

148 4423 210 4479 362.
232 4427 351 4492 maedus
367 4424 502 4492 umbram,
526 4422 609 4473 fictam
633 4420 689 4472 eiii-
731 4418 787 4471 Pal.
803 4420 843 4486 1.,
864 4420 948 4486 Thu,
966 4420 1027 4475 Vnt.
1043 4419 1068 4470 1.
1082 4418 1143 4469 etV
1161 4420 1205 4471 6111
1218 4418 1305 4473 ileins.

110 4493 177 4556 giem
189 4494 258 4544 illan
272 4497 335 4562 apri.
733 4488 831 4556 Reliqui
843 4491 987 4553 densatim,
1001 4490 1066 4555 quod
1078 4489 1163 4539 neseio
1176 4503 1208 4540 an
1220 4506 1306 4542 verum

146 4562 208 4615 363.
225 4564 395 4633 spumantia,
414 4578 452 4616 sc.
465 4562 567 4614 sudore.
585 4561 688 4632 *166
730 4566 828 4627 putem,
855 4574 929 4628 quarn
948 4559 1053 4611 6616166
1079 4556 1194 4625 antiquus
1213 4559 1307 4612 inmas

1016 4623 1097 4690 35*
