2864 4890
619 169 719 222 creua
743 169 803 226 xu.
912 190 919 203 =
1225 180 1314 237 m,

207 323 311 413 Signa
332 326 443 407 rides,
467 339 598 412 apparet
623 325 727 390 adhuc
754 340 847 392 vetus
869 327 944 392 inde
964 330 1110 396 cicatrix.
1139 348 1145 406 ζ

207 411 305 477 Tunc
328 435 388 498 ego
410 411 582 476 debueram
604 410 757 497 capienda
787 410 827 475 ad
849 411 1010 498 Pergama
1032 416 1128 498 mitti,
1248 422 1309 481 445

206 495 305 561 Tunc
327 511 472 596 poteram
493 494 621 578 magni,
652 495 680 558 si
698 517 765 558 non
786 518 956 581 superare,
979 498 1103 563 morari

206 577 356 645 Hectoris
380 603 469 644 arma
492 579 584 643 meis.
627 577 690 643 lllo
712 578 766 642 sed
789 594 933 666 tempore
957 584 1079 664 nullae,

204 667 274 728 Aut
294 689 375 750 puer
383 710 393 745 ,
416 662 538 728 Hector
560 679 642 743 erat;
666 687 753 727 nunc
774 687 827 727 me
844 688 915 728 mea
937 667 1043 731 deficit
1063 684 1160 749 aetas.

205 748 293 832 Quid
315 749 373 814 tibi
394 748 553 814 victorem
574 747 695 834 gemini
717 746 914 832 Periphanta
937 749 1062 839 Pyreti,

204 835 354 932 Ampyca
378 833 453 918 quid
475 833 631 913 reseram,
655 831 710 916 qui
732 832 1001 917 quadrupedantis
1025 835 1118 901 Oicli
1246 844 1308 902 teo

204 915 295 981 Fixit
317 919 351 981 in
377 918 513 982 adverso
537 940 673 981 cornum
694 915 764 980 sine
787 917 918 1004 cuspide
945 921 1065 984 vultu?

204 999 305 1065 Vecte
325 1001 552 1066 Pelethronios
576 1001 742 1066 Macareus
765 1000 799 1063 in
829 1017 937 1088 pectus
965 1004 1077 1068 adacto

204 1082 329 1150 Stravit
350 1085 565 1172 Erigdupum.
609 1085 744 1151 Memini
764 1100 795 1148 et
816 1088 977 1151 venabula
1002 1086 1099 1152 condi

204 1167 343 1254 lnguine
363 1169 494 1235 Nesseis
515 1170 663 1234 manibus
686 1167 828 1255 conjecta
852 1167 993 1257 Cymeli.

203 1253 273 1318 Nec
295 1269 330 1318 tu
352 1254 525 1319 credideris
546 1270 669 1319 tantum
699 1254 851 1319 cecinisse
882 1255 993 1319 sutura
1160 1263 1164 1273 '
1246 1263 1307 1321 455

135 1420 137 1425 s
204 1339 411 1426 Ampyciden
435 1338 603 1425 Mopsum:
634 1339 749 1425 Mopso
768 1337 930 1427 jaculante
952 1339 1100 1406 biformis

208 1422 369 1488 Occubuit
390 1420 574 1508 frustraque
595 1424 683 1508 loqui
704 1423 840 1488 tentavit
861 1423 987 1503 Odites,

203 1507 258 1570 Ad
281 1523 428 1572 mentum
449 1508 560 1591 lingua
584 1525 755 1593 mentoque
776 1509 816 1572 ad
840 1523 967 1591 guttura
991 1512 1074 1574 fixo.

204 1589 357 1677 Quinque
379 1591 450 1657 neci
474 1589 620 1657 Caeneus
641 1594 787 1672 dederat,
818 1590 1064 1681 Styphelonque
1092 1591 1178 1657 Bro-

377 1714 389 1739 .
742 1701 895 1761 mumque

202 1759 496 1846 Antimachumque
516 1759 735 1853 Elymumque
756 1761 1031 1846 securiferumque
1051 1761 1161 1851 Pyra-

746 1870 854 1911 cmon.
1244 1854 1307 1912 too

205 1925 351 1993 Vulnera
373 1952 440 1992 non
459 1929 613 2010 memini,
643 1955 816 1994 numerum
838 1952 1020 2014 nomenque
1042 1930 1164 1997 notavi.

204 2011 359 2077 Provolat
382 2012 524 2077 Emathii
546 2015 657 2100 spoliis
678 2029 820 2077 armatus
848 2012 974 2092 Halesi,

204 2096 311 2180 Quem
332 2096 463 2160 dederat
483 2098 567 2179 leto,
596 2099 749 2162 membris
778 2112 809 2161 et
830 2121 964 2184 corpore
984 2096 1121 2162 Latreus

152 2281 214 2330 444.
233 2280 302 2332 inde.
329 2281 431 2344 Berol.,
451 2280 528 2332 Gron.
545 2281 587 2344 l.,
601 2283 636 2334 lV
649 2282 692 2334 alii
734 2291 784 2333 tam
797 2297 853 2332 cum
866 2283 1035 2348 depununtur,
1053 2298 1124 2347 quam
1141 2298 1196 2333 cum
1209 2285 1307 2349 penitus

115 2351 182 2415 apud
202 2348 328 2400 Heinsium
348 2368 420 2414 ecce,
439 2352 503 2415 quod
527 2351 587 2401 ferri
599 2360 690 2417 potest,
734 2368 823 2417 corpus
848 2359 989 2418 penetrant.
1021 2353 1108 2403 Gier.

115 2420 161 2468 sed
175 2417 306 2485 postjoidee
314 2435 361 2469 non
370 2420 537 2470 necessarium
545 2428 592 2471 est.
609 2422 691 2486 Quare
770 2422 830 2470 454.
851 2421 959 2472 Nesseis
972 2421 1063 2486 optima
1076 2421 1214 2471 emendatio
1230 2421 1306 2472 Hein-

72 2496 77 2510 ⁴
115 2488 193 2549 inde,
209 2490 355 2554 scripturam
375 2490 480 2538 omniurn
496 2489 548 2540 iere
561 2491 691 2552 librorum,
734 2490 764 2540 sii
777 2497 831 2553 est,
854 2506 924 2555 quam
939 2492 994 2540 cod.
1014 2491 1105 2540 Dresd.
1125 2497 1150 2541 et
1166 2491 1306 2547 ed.,Parm.

116 2557 247 2608 edidimus.
280 2559 396 2607 Ceterum
415 2559 495 2609 simile
517 2558 629 2610 Nestoris
646 2577 691 2610 vo·
734 2560 889 2610 confirmant.
916 2560 989 2610 Cani.
1008 2575 1034 2609 v.
1049 2561 1110 2610 554.
1128 2566 1154 2609 et
1167 2561 1226 2610 558.
1247 2560 1306 2611 an.

115 2632 168 2675 tum
183 2625 253 2676 Hom.
270 2626 299 2676 11.
313 2627 374 2689 Vll,
391 2626 440 2681 132
453 2644 522 2692 seqq.
735 2628 842 2680 Nesseo.
856 2629 914 2680 Jun.
930 2630 1015 2679 Neeee
1028 2637 1084 2680 tuo.
1099 2629 1194 2679 Zwicc.
1212 2629 1304 2681 Neaeei.

151 2694 212 2744 447.
232 2697 321 2746 nullus
333 2705 406 2756 erat,
421 2698 526 2746 nondum
541 2705 612 2748 natus
625 2705 689 2748 erat.
734 2697 831 2762 Reliqui
853 2698 955 2748 Neseet'.
988 2698 1136 2764 Perperom:
1157 2714 1212 2748 nam
1231 2700 1310 2748 nomi·

151 2764 212 2814 448.
232 2782 340 2816 mamea
358 2767 444 2830 deficit
462 2775 552 2831 oetas,
572 2768 638 2817 vires
651 2784 689 2818 me
734 2768 831 2817 nativus
844 2775 884 2818 est
896 2767 997 2818 Neeeue
1010 2784 1056 2817 nou
1066 2767 1191 2819 Nescius.
1206 2767 1236 2820 V.
1247 2769 1307 2820 308.

117 2831 244 2882 deliciunt.
253 2863 286 2874 -
300 2835 357 2884 Par.
367 2836 393 2887 2.
407 2843 433 2885 et
445 2837 607 2888 multiHcins.
619 2839 690 2888 dese·
733 2835 779 2900 lX,
796 2836 855 2886 101.

115 2901 168 2963 rit,
189 2918 221 2952 ex
233 2904 462 2968 interpretamento.
771 2906 828 2955 456.
851 2903 1306 2972 Ampyciden-Mopsum.l⁴¹nitrlpol·

153 2970 214 3021 440.
232 2974 346 3040 gemini,
360 2975 464 3040 duplicis
477 2979 593 3023 naturum
612 2973 688 3024 Conf.
734 2973 793 3024 linis
806 2975 924 3024 sacerdos
938 2981 963 3023 et
975 2980 1045 3024 vates
1065 2981 1091 3023 et
1108 2974 1235 3024 venationi
1253 2974 1307 3038 apri

118 3037 150 3105 ll,
164 3040 224 3091 555.
734 3043 865 3110 Calydouii
877 3043 1000 3092 interfuit.
1014 3041 1072 3091 Vid.
1086 3040 1154 3103 Vlll,
1169 3041 1229 3091 310.
1245 3043 1306 3092 350.

151 3108 213 3159 450.
232 3109 309 3160 Ot'cli.
337 3109 373 3159 lta
386 3111 496 3160 nonnulli
510 3110 596 3160 Heins.
610 3118 636 3160 et
648 3112 688 3161 ed.
732 3113 885 3179 Ampycides
906 3111 1017 3177 Mopsus
1040 3111 1115 3159 ctiam
1134 3111 1198 3174 apud
1218 3110 1307 3160 Hesio·

115 3177 181 3230 Ven.
202 3180 228 3230 2.
256 3178 336 3240 Vulgo
356 3179 435 3229 Oecli.
463 3179 559 3241 Singuli
575 3179 689 3245 Echecli,
733 3181 789 3230 dum
804 3181 903 3242 legitur.
950 3199 954 3209 ·

116 3247 225 3314 Echeli,
238 3248 357 3311 Achecli,
370 3248 483 3312 Ethecli,
497 3249 581 3311 Eocli,
599 3250 636 3299 al.
766 3248 828 3298 450.
847 3247 1052 3315 Styphelonquc,
1075 3261 1089 3297 a
1104 3246 1149 3298 Gr.
1163 3244 1306 3316 στυφελός,

152 3317 212 3367 tat.
232 3334 349 3368 cornum.
376 3317 689 3382 CornuS,proeterfraxi—
730 3318 966 3384 undeoruqietiiu.
999 3317 1103 3366 Veteres
1122 3316 1179 3366 libri
1200 3324 1305 3382 excepto

115 3401 173 3436 num
188 3385 233 3450 (Χ,
248 3386 314 3450 03),
333 3386 523 3452 imprimisbooa
536 3387 624 3437 hastis.
634 3386 686 3451 Vll,
731 3385 826 3435 Zwicc.
841 3401 925 3435 omnes
951 3385 1169 3454 Styphelumque,
1188 3387 1231 3436 scd
1245 3388 1307 3436 reti-

116 3454 178 3505 678.
192 3454 265 3517 Vlll,
280 3456 340 3505 408.
696 3508 700 3519 .
732 3455 774 3504 nui
788 3455 890 3504 formam
898 3454 1029 3517 Graecam,
1043 3457 1106 3505 utin
1120 3456 1217 3505 nomine
1227 3456 1307 3507 Grae-

150 3525 212 3574 452.
233 3524 428 3586 Pelethronios,
443 3538 458 3573 a
471 3521 628 3572 Pelethronio
643 3521 689 3572 Pe·
732 3539 771 3575 co.
798 3524 871 3574 Solus
891 3523 981 3575 Dresd.
1008 3525 1182 3593 Bromimque.
1208 3523 1306 3589 Reliqui

114 3591 142 3642 lii
165 3593 254 3643 montis
273 3601 344 3658 parte
368 3610 390 3643 s,
410 3592 485 3643 valle.
518 3591 687 3660 Stephliyz.
732 3609 816 3644 omnes
828 3595 1012 3662 Bromumque.
1029 3623 1059 3634 -
1079 3594 1139 3644 460.
1156 3594 1307 3658 Helymum-

113 3659 317 3730 Πελεθρόνιον,
331 3658 394 3730 ὅρος
409 3663 562 3719 Θετταλίας.
584 3657 689 3724 daim}-
732 3680 792 3731 que.
815 3663 857 3713 Sic
877 3671 938 3713 vett.
952 3662 1008 3712 libri
1029 3669 1123 3711 tantum
1141 3677 1189 3709 non
1209 3676 1304 3711 omnes.

114 3747 169 3796 1ωο
183 3728 374 3796 metiendum.
402 3730 461 3780 lude
480 3729 639 3792 0110011145·
655 3728 686 3780 G·
731 3731 884 3793 -Nestor,
899 3733 938 3796 qui
952 3733 977 3782 h.
993 3732 1010 3779 Ι.
1025 3736 1125 3792 narrat,
1139 3729 1306 3793 tandempost

114 3797 166 3857 lli,
184 3797 241 3848 115.
270 3799 430 3851 Pelethronii
438 3799 580 3867 Lapithae.
613 3799 686 3848 Coni.
732 3801 829 3864 longam
848 3802 916 3850 illam
933 3799 1089 3865 ephodiam,
1111 3798 1136 3845 in
1153 3812 1201 3860 qua
1224 3803 1307 3848 certa-

114 3865 180 3916 Plin.
195 3866 227 3918 Ν.
243 3868 273 3918 H.
289 3868 343 3919 Vll.
358 3886 380 3918 c.
397 3869 439 3918 50.
455 3869 518 3936 Hyg.
534 3868 563 3918 F.
577 3869 638 3920 274.
653 3895 688 3908 -
731 3885 787 3919 men
809 3870 988 3920 Centaurorum
1002 3874 1028 3916 et
1040 3866 1199 3930 Lapitharum
1213 3867 1308 3917 descri-

112 3934 689 4001 Fragm.Boxh.Pelethronium,quodtemere
731 3938 814 3998 bitur,
859 3938 889 3986 ad
925 3935 1017 3986 Caenei
1053 3935 1306 4001 transformationem,

113 4006 209 4070 recepit
223 4005 349 4058 Heinsius.
365 4036 392 4044 —
421 4007 594 4073 Erigdupus‚
609 4021 625 4054 a
642 4004 686 4055 Gr.
733 4021 805 4069 quam
826 4013 927 4067 rogatus
952 4019 1054 4054 narrare
1080 4004 1199 4069 instituit,
1230 4006 1305 4056 redit.

113 4073 294 4141 ἐρίγδουπος,
321 4077 385 4141 quod
414 4083 516 4127 tuentur
548 4074 621 4125 Goth.
652 4074 688 4137 l.,
733 4073 791 4123 Vid.
805 4074 895 4124 utta
910 4089 979 4137 seqq.

113 4141 209 4193 Zwicc.
220 4151 246 4193 et
259 4146 321 4194 edd:
332 4146 413 4197 Venn.
426 4174 453 4184 -
469 4144 539 4208 Lips.
553 4145 591 4205 2.,
606 4142 689 4209 Erig-
767 4143 827 4194 402.
848 4143 975 4194 Emathii.
990 4141 1022 4205 V,
1038 4142 1142 4194 313-
1156 4141 1252 4193 Halesi
1259 4159 1305 4193 ex-

113 4211 231 4277 dippum.
273 4213 343 4272 Vrat.
376 4213 558 4282 Erigthrpum.
596 4212 686 4262 liresd.
731 4212 817 4261 hibent
841 4212 947 4270 breed,
973 4211 1088 4262 Gothi.
1107 4213 1149 4275 2.,
1176 4212 1246 4278 Lips.
1265 4213 1304 4274 2.,

112 4281 305 4349 Ενίςιίιξῖιιιηι.
327 4284 401 4336 Goth.
416 4286 441 4338 2.
456 4283 624 4349 Eripdinum.
638 4280 687 4330 Ed.
731 4279 820 4343 Vrat.,
841 4283 913 4331 codd.
936 4282 1022 4332 Heins.
1043 4282 1122 4332 eted.
1141 4296 1180 4346 pr.
1196 4309 1227 4317 -
1251 4280 1303 4334 Ed.

112 4366 152 4416 pr.
167 4351 351 4420 Erigrippum.
379 4353 416 4404 Do
431 4354 503 4403 codd.
518 4351 614 4403 Heinsii
627 4351 688 4400 nibil
730 4349 811 4401 Veun.
826 4352 852 4404 2.
867 4357 892 4400 et
903 4353 971 4416 vulg.
986 4352 1066 4402 Atesi.

112 4427 222 4471 constat.
764 4419 824 4471 463.
845 4438 960 4488 ccipere,
975 4422 999 4469 b.
1011 4422 1027 4469 1,
1041 4435 1085 4485 pro
1094 4425 1192 4467 trunco.
1203 4445 1235 4458 -
1244 4416 1303 4468 lias.

142 4489 204 4543 453.
224 4491 302 4543 condi
320 4497 346 4542 et
363 4490 471 4543 recondi
490 4505 559 4541 arma
573 4489 688 4540 dicuntur
731 4487 755 4540 1.
770 4496 795 4541 et
808 4489 883 4541 Goth.
899 4489 924 4543 1.
936 4488 1105 4556 membrisque
1116 4491 1152 4538 et.

541 4662 554 4689 N
