2864 4890
605 172 707 229 blbllll
723 173 784 232 XV.
1207 176 1292 236 m
1339 214 1343 219 -

185 329 289 396 Ludit
308 329 396 414 ager,
419 350 524 413 neque
539 327 645 395 adbuc
665 330 772 397 virtus
794 328 829 394 in
849 329 1022 396 frondibus
1042 331 1110 397 ulla
1132 346 1208 425 est.=
1227 343 1288 398 205

187 415 324 480 Transit
344 415 378 478 in
400 429 552 478 aestatem
573 431 645 502 post
666 438 727 481 ver
748 413 915 479 robustior
935 439 1051 498 annus,
1122 445 1125 449 ⁴

186 499 301 584 Fitque
322 500 434 565 valeus
455 498 601 599 juvenis:
623 499 833 585 nequeenim
855 498 1020 564 robustior
1040 515 1126 566 aetas

188 583 265 649 Ulla
291 608 349 648 nec
371 585 504 648 uberior
525 607 602 665 nec,
626 608 707 669 quae
725 584 828 668 magis
850 584 981 665 ardeat,
1005 586 1073 650 ulls
1095 601 1154 652 est.

188 667 320 756 Excipit
342 684 516 733 autumnus
545 669 649 768 posito
669 671 800 733 fervore
820 665 987 757 juventae-

190 753 337 817 lllaturus
359 752 527 836 mitisque,
550 768 635 817 luter
654 752 872 841 juvenemque
891 775 1065 836 senemque
1227 765 1290 820 210

191 836 366 924 Temperie
388 838 531 918 medius,
554 861 684 923 sparsus
706 860 831 922 quoque
854 851 999 921 tempora
1019 837 1121 905 cauis.

190 920 270 986 lude
291 920 401 986 senilis
420 922 522 986 hiems
544 923 684 986 tremulo
706 920 806 988 veuit'
820 921 953 985 horrida
973 944 1080 1008 passu,

191 1007 261 1071 Aut
282 1005 417 1092 spoliata
438 1029 513 1070 suos
536 1012 709 1090 aut,'quos
729 1006 843 1086 babet,
866 1005 940 1069 alba
963 1005 1108 1104 capillos.

191 1090 311 1156 Nostra
337 1114 463 1175 quoque
480 1089 626 1176 ipsorum
644 1113 772 1178 semper
790 1089 963 1174 requieque
984 1113 1054 1154 stne
1076 1091 1145 1155 ulla

193 1173 338 1262 Corpora
359 1190 550 1256 vertuntur,
573 1200 650 1257 nec,
672 1176 756 1260 quod
779 1174 942 1238 fuimusve
961 1196 1127 1258 sumusve,
1228 1186 1289 1241 215

196 1256 275 1324 (iras
299 1257 431 1322 erimus.
475 1257 552 1324 Fuit
571 1260 628 1324 illa
650 1260 734 1340 dies,
758 1282 819 1344 qua
841 1258 964 1322 semina
983 1275 1109 1324 tautum

191 1341 336 1431 Spesque
356 1343 525 1408 bominum
546 1343 669 1431 primae
690 1359 835 1409 materna
859 1343 1074 1410 habitavimus
1096 1344 1185 1411 alvo.

191 1426 343 1493 Artifices
363 1443 478 1492 natura
500 1452 615 1494 manus
636 1428 801 1508 admovit,
826 1442 856 1492 et
877 1427 954 1512 augi

196 1509 342 1598 Corpora
363 1512 542 1577 visceribus
563 1514 717 1578 distentae
737 1512 867 1578 condita
888 1509 1000 1576 matris

193 1595 325 1677 Noluit,
349 1619 428 1681 eque
451 1597 546 1661 domo
566 1621 685 1662 vacuas
707 1597 813 1663 emisit
833 1596 868 1660 iu
888 1618 997 1660 auras.

192 1680 306 1745 Editus
328 1679 363 1744 in
385 1682 490 1745 lucem
509 1680 608 1769 jacuit
630 1683 699 1746 sine
721 1682 848 1746 viribus
868 1681 996 1760 infaus3

192 1765 275 1829 Mox
297 1766 477 1853 quadrupes
500 1767 628 1853 rituque
649 1767 723 1832 tulit
743 1789 801 1831 sus
822 1766 968 1829 membra
989 1765 1148 1849 ferarum,

192 1849 433 1936 Paullatimque
454 1865 592 1916 tremens
613 1868 643 1917 et
664 1853 808 1916 nandum
831 1849 951 1937 poplite
970 1852 1066 1917 firmo

193 1932 360 2016 Constitit,
386 1933 502 2023 adjutis
523 1937 631 2022 aliquo
653 1935 822 2000 conamine
845 1933 966 1997 nervis.

192 2017 272 2081 lnde
292 2018 405 2082 valens
427 2021 590 2103 veloxque
610 2020 690 2098 fuit,
713 2018 914 2104 spatiumque
935 2019 1088 2106 juventae
1230 2029 1291 2084 225

192 2101 346 2182 Transit,
370 2116 401 2166 et
423 2105 558 2167 emensis
582 2102 680 2167 medii
701 2124 828 2188 quaque
848 2101 1003 2187 temporis
1024 2100 1117 2167 annis

145 2308 207 2364 205.
221 2306 299 2360 ludit.
319 2305 389 2358 Unus
403 2307 475 2360 Leid.
491 2315 516 2359 et
528 2327 591 2361 unus
603 2310 679 2364 Voss.
724 2316 821 2375 pteram
834 2308 980 2359 euniirmaut
993 2307 1129 2358 ebionitas
1147 2322 1235 2357 sensus
1243 2345 1251 2373 ,
1269 2313 1296 2358 et

111 2387 137 2429 et
150 2378 178 2428 S.
193 2377 259 2428 Gall.
273 2377 350 2429 ridet.
388 2377 437 2428 Sed
450 2387 518 2428 reete
532 2381 606 2431 babet
619 2382 682 2431 seri·
724 2381 820 2430 bonon.
837 2379 877 2444 l.,
897 2378 988 2429 Medio.
1003 2380 1045 2440 4.,
1065 2378 1130 2428 Mar.
1146 2376 1170 2428 l.
1190 2385 1215 2427 et
1227 2376 1293 2428 Thu.

110 2455 183 2514 ptura
195 2455 306 2497 veterum
320 2447 457 2511 librorum3
478 2448 547 2501 ludit
562 2451 683 2500 enimcu—
725 2450 786 2500 lteut
800 2448 855 2498 Pul.
877 2448 903 2498 1.
922 2448 966 2513 2.,
991 2449 1031 2513 qui
1051 2456 1159 2498 matura
1176 2463 1220 2512 pro
1238 2464 1296 2496 ma-

115 2518 193 2567 iarum
207 2517 388 2566 multitudinem
401 2532 430 2566 ao
443 2518 589 2568 varietatem
602 2521 682 2586 respi-
724 2526 803 2571 terrta
827 2518 956 2568 exhibeat.
1007 2516 1105 2582 lleliqui
1131 2516 1184 2566 iere
1210 2531 1296 2567 omnes

113 2588 156 2638 eit.
171 2614 204 2626 -
223 2586 321 2644 virtus,
342 2586 462 2648 firmitas,
482 2588 568 2639 robur.
724 2604 780 2638 euin
792 2595 855 2636 vett.
870 2586 927 2636 edd.
942 2587 1047 2653 primae
1064 2586 1159 2638 matris
1177 2592 1220 2636 aut
1240 2601 1297 2636 cum

147 2655 208 2710 208.
236 2657 338 2707 ardeat.
385 2657 484 2707 Ardere
507 2665 555 2707 tarn
576 2659 606 2708 de
625 2659 684 2709 unni
725 2658 794 2720 vulg.
814 2661 917 2723 primae
940 2657 1101 2722 matrisque,
1132 2671 1194 2720 quae
1215 2654 1296 2705 teneri

114 2732 276 2790 tenpestate,
297 2740 369 2791 quun
388 2725 418 2775 de
442 2727 618 2791 cupiditatibus
638 2729 684 2778 iut-
727 2743 775 2776 nou
789 2732 884 2792 potest,
905 2725 1022 2790 quisbue
1037 2725 1159 2790 scripturn
1179 2732 1223 2774 nus
1239 2740 1298 2773 ver«

113 2795 198 2861 primis
218 2797 248 2844 de
269 2810 353 2844 tinore
373 2794 473 2845 dieitur.
511 2796 565 2848 Pal.
585 2799 613 2852 2.
639 2815 684 2848 ae·
726 2797 783 2847 butu
797 2795 935 2845 addendum
948 2801 991 2845 aut
1003 2793 1064 2845 illud
1078 2811 1128 2862 que
1138 2793 1297 2861 postmutris

111 2872 196 2918 sinat.
727 2867 868 2916 delendum.
1176 2860 1180 2867 ’

147 2934 208 2986 tos.
228 2931 287 2981 Bas.
303 2930 328 2981 l.
343 2931 367 2980 iu
380 2947 458 2994 marg.
478 2939 504 2983 et
517 2934 575 2984 Bas.
597 2935 621 2985 3.
642 2935 684 2986 ia·
760 2935 823 2990 218.
843 2932 957 2996 artifices
970 2961 986 2970 -
999 2948 1104 2983 manus.
1137 2931 1203 2984 Geli.
1218 2930 1250 2982 N.
1264 2932 1297 2983 Α.

115 3002 189 3071 cipit.
209 3001 323 3065 excipit,
342 3001 469 3063 succedit,
489 3003 658 3067 subsequitur.
727 3003 787 3055 Xil.
806 3020 830 3054 c.
846 3002 870 3053 1.
908 3003 940 3052 in
958 3003 1023 3068 ipsis
1040 3002 1167 3052 bominem
1181 3001 1300 3068 primor-

149 3069 211 3124 210.
243 3077 374 3118 mataras.
401 3068 476 3130 Vlll,
510 3071 570 3121 bii.
598 3073 685 3122 auimo
728 3073 792 3136 diis,
819 3073 882 3121 dum
896 3072 1032 3136 fingitur,
1065 3071 1128 3120 dam
1152 3071 1300 3137 animatur,

114 3148 236 3192 mutatus
253 3146 279 3189 et
291 3155 364 3187 aevo.
379 3165 412 3176 -
430 3138 492 3189 mite
504 3146 530 3187 et
543 3140 573 3189 de
586 3140 685 3202 ingenio
727 3141 796 3192 inter
807 3141 881 3206 ipsas
894 3140 1006 3201 artffieis
1018 3145 1134 3189 naturae
1151 3155 1247 3188 manus
1259 3140 1300 3190 iu-

114 3211 165 3260 leui
179 3215 202 3258 et
216 3208 329 3256 decoelo
343 3213 626 3274 temperatousurpatur
643 3226 686 3275 op·
728 3215 863 3269 terteetum
883 3208 928 3257 ire.
966 3208 1062 3268 lunge:
1088 3215 1114 3258 et
1136 3208 1223 3258 uoluit
1239 3224 1300 3258 aor-

116 3280 263 3345 pouiturque
277 3276 380 3326 fervori.
401 3275 444 3327 oa·
448 3293 491 3326 er.
527 3277 589 3328 llor.
608 3278 640 3329 A.
655 3277 685 3329 P.
723 3294 791 3344 para
804 3275 1079 3328 visceribusdisteutoe
1090 3278 1184 3329 matris
1196 3277 1303 3331 conata

118 3349 178 3400 115.
728 3363 763 3397 aa
792 3347 805 3396 ⁸.

186 3415 348 3469 Motorusue
372 3430 451 3464 seusa
478 3428 514 3464 ou
533 3413 622 3466 aditae
632 3418 688 3484 jio-
763 3364 824 3481 {ib
844 3414 953 3477 aelp'utis.
997 3413 1059 3465 Cod.
1074 3414 1132 3465 Vir.
1154 3414 1254 3479 adiutis
1272 3431 1299 3470 v.

323 3492 396 3535 rente
406 3483 522 3546 juventa
580 3508 583 3512 ·
729 3486 891 3553 adjuttspae.
936 3484 1045 3549 Uterque
1072 3485 1187 3549 Berua„
1216 3486 1301 3551 Cael,

188 3553 324 3605 Fervidus.
730 3556 826 3617 Berol.‚
843 3556 948 3616 Dresd,
963 3554 1032 3620 Lips.
1047 3555 1090 3618 2.,
1104 3554 1188 3617 Vrat,
1203 3554 1300 3606 Zwiec.

117 3624 191 3675 Cani.
205 3623 266 3674 illst.
280 3621 344 3684 Xli,
367 3620 427 3671 464.
731 3632 756 3675 et
768 3626 879 3690 plerique
897 3625 1093 3690 praestantiores
1106 3623 1192 3672 Heius.
1214 3630 1240 3671 et
1258 3625 1300 3674 ed.

149 3693 211 3746 211.
231 3696 584 3758 sparsasquopueierapora
602 3689 686 3740 cortis.
729 3711 769 3761 pr.
785 3696 896 3758 adjutis.
934 3692 1032 3757 Reliqui
1052 3706 1107 3740 eum
1126 3692 1195 3753 vulg.
1222 3692 1302 3754 asip'u·

117 3761 154 3811 De
173 3778 257 3811 aecus.
279 3769 395 3826 tempora
421 3759 472 3808 vid.
492 3768 522 3807 nd
538 3759 563 3822 l,
583 3760 643 3814 332.
663 3766 689 3810 et
730 3767 829 3832 iisque,
851 3769 995 3813 nonreste:
1016 3773 1072 3808 naut
1092 3760 1152 3808 iiia:
1171 3759 1302 3821 otljutt'ss-

117 3832 186 3880 ooai.
200 3830 267 3879 inira
279 3845 304 3878 v.
320 3828 379 3880 359.
399 3827 457 3879 Vill
466 3866 474 3891 ‚
492 3828 552 3878 5118.
730 3834 817 3885 navis
829 3833 953 3897 pertinent
965 3831 996 3878 ad
1016 3828 1076 3877 illa:
1095 3829 1209 3879 nonduin
1225 3830 1302 3898 pepi.

181 3927 216 3939 -
233 3899 327 3964 Lelex,
344 3899 414 3948 raris
429 3898 485 3959 jam
503 3913 613 3964 sparsus
624 3905 689 3948 tem-
727 3905 754 3967 f.
764 3903 890 3962 constitit,
902 3908 926 3949 et
934 3899 1033 3947 valent:
1048 3901 1302 3969 qoumnuviaiiquo

325 3985 392 4033 poro
407 3967 490 4017 canit·
733 3973 867 4022 conamine
880 3970 1051 4030 adiuventur.

119 4037 181 4088 Csstlu
209 4037 323 4096 [leiim-s
348 4037 460 4101 lemnii,
479 4034 579 4084 zulich·
609 4041 634 4083 θῑ
655 4032 689 4084 lll
766 4041 828 4094 226.
855 4038 962 4088 rorensis
985 4037 1008 4085 in
1027 4035 1100 4085 mado
1119 4037 1246 4102 patiendi,
1273 4046 1302 4090 ut

117 4109 160 4156 aiii
174 4107 260 4157 Heius.
280 4107 381 4171 sparsis
395 4122 448 4171 per
465 4111 582 4170 tempora
602 4104 687 4169 cauis,
731 4110 803 4173 virg.
819 4106 1301 4172 1,450.eatensaqrramjamdecedat

117 4178 182 4241 quod
206 4178 338 4224 coussatuur
365 4176 464 4224 videtur
487 4172 597 4233 eXlV,
626 4173 685 4222 655.
730 4179 847 4246 olympo,
881 4175 1298 4228 Vid.ila1·kluud.adstat.Silv.

120 4244 187 4295 Unus
202 4245 306 4306 Heius,
328 4244 416 4294 Dresd.
439 4250 465 4293 et
477 4243 518 4291 ed.
533 4258 570 4307 pr.
585 4241 688 4308 sparsis
731 4247 780 4311 m,
800 4249 830 4311 ὅ,
853 4246 878 4297 7.
916 4246 1069 4310 scripturam
1081 4245 1204 4308 emensas,
1226 4260 1300 4309 qutun

118 4331 230 4382 quoque.
252 4314 342 4363 Dresd.
356 4328 372 4363 a
386 4313 410 4363 l.
424 4329 458 4362 ut.
472 4313 573 4378 sparsis
580 4318 643 4377 post
656 4317 677 4363 i.
729 4317 821 4382 primns
841 4316 909 4369 dudit
926 4315 1059 4375 Heinsius,
1080 4313 1226 4362 confirmant
1239 4315 1299 4366 Bas.

151 4385 212 4438 217.
233 4383 330 4446 lunge:
344 4384 404 4444 suit
422 4383 471 4432 ilia
485 4383 553 4445 dies,
574 4398 628 4448 qua
647 4397 687 4431 se·
728 4387 755 4440 2.
770 4386 814 4448 3.,
836 4385 936 4447 baral,
957 4384 1022 4435 Thu.
1045 4389 1071 4431 et
1083 4396 1146 4431 uuus
1159 4381 1251 4433 Medis.
1269 4411 1300 4422 -

115 4454 187 4505 mina
200 4459 224 4503 et
233 4455 338 4520 primae
353 4460 459 4504 tantum
477 4467 537 4518 spes
554 4449 687 4500 bominum
729 4454 798 4506 Unus
817 4454 905 4505 Putav.
926 4453 1040 4504 emersis.
1090 4448 1187 4513 Reliqui
1206 4458 1307 4525 tuntum

114 4532 238 4576 malim
255 4520 341 4575 'labii-
355 4523 426 4574 ⁰²0⁰·
469 4519 604 4585 fleiiilffiss
622 4520 687 4571 iifl·
729 4541 779 4577 non
791 4540 879 4577 omnes
890 4529 1029 4575 sumuutt.
1040 4519 1104 4569 sub.
1115 4517 1249 4568 mosten.
1264 4515 1327 4562 sxt-
