2864 4890
128 158 186 217 ⁸0
510 160 615 215 0VlDll
633 157 938 216 Murmomosus

216 310 360 380 Indoluit
378 311 465 382 Iuno
490 351 507 367 ·
528 315 637 383 100000
656 315 697 382 de
718 314 833 405 pellice
853 328 962 381 natus.

218 397 294 483 Quo
316 399 414 464 simul
435 399 576 467 obvertit
595 424 726 468 saevam
747 424 821 467 cum
841 398 967 464 lumine
987 413 1142 485 mentem,
1261 405 1325 468 470

216 480 376 566 „Scilicet
399 485 461 550 hoe
482 509 586 551 uuum
605 488 756 570 restabat,
780 485 965 566 adultera,“
987 483 1074 551 dixit

216 567 291 648 „Ut
311 570 449 635 fecunda
468 570 569 652 fores,
590 572 743 658 fieretque
762 568 883 660 injurie
903 584 1001 657 partu

218 650 317 735 Nota,
338 652 493 741 Jovisque
512 655 577 721 mei
597 670 747 723 testatum
768 655 903 720 dedecus
924 668 1017 719 esset.

217 734 316 803 Haud
337 738 470 826 impune
492 741 598 807 feress
622 740 763 807 adimam
784 738 844 805 tibi
863 761 1002 824 namque
1023 739 1175 825 liguram

218 820 294 904 Qua
314 823 385 905 tibi,
409 847 534 910 quaque
553 825 660 913 places
679 839 803 904 nostro,
824 822 1023 911 importuna,
1044 822 1204 891 marito.“
1262 829 1323 891 476

216 902 329 989 Dixit,
352 923 383 973 et
404 925 568 998 arreptam
589 909 714 999 prensis
739 932 759 973 a
780 909 889 972 fronte
910 908 1036 995 capillis

216 987 342 1057 Stravit
362 993 454 1059 humi
476 1016 625 1081 pronam.
668 993 840 1060 Tendebat
862 992 993 1057 brachia
1012 992 1174 1081 supplex:

216 1071 358 1141 Brachia
379 1092 556 1166 coeperunt
575 1077 677 1165 nigris
701 1078 888 1143 horrescere
912 1075 1014 1160 villis,

218 1156 422 1246 Gurvarique
440 1185 555 1227 manus
575 1178 607 1228 et
627 1162 768 1227 aduncos
791 1182 934 1226 crescere
953 1160 990 1225 in
1011 1182 1148 1248 ungues,

219 1243 406 1329 Officioque
425 1245 545 1333 pedum
565 1247 673 1331 fungi,
695 1247 887 1330 laudataque
909 1245 1074 1331 quondam
1261 1250 1322 1310 480

216 1327 287 1393 Ora
306 1327 384 1396 Jovi
405 1330 470 1395 lato
487 1331 559 1396 lieri
578 1331 737 1397 deformia
758 1330 856 1396 rictu.-

215 1410 309 1477 Neve
353 1437 439 1479 reces
459 1415 584 1482 animos
604 1430 636 1481 et
655 1416 758 1481 verba
777 1412 942 1502 precantia
962 1413 1107 1497 flectant,

214 1494 315 1560 Posse
329 1438 425 1584 ioqui
446 1499 603 1588 eripitur:
625 1523 696 1566 vox
715 1498 871 1565 iracunda
890 1495 1068 1582 minaxque

215 1578 382 1668 Plenaque
403 1584 537 1651 terroris
557 1609 657 1650 rauco
675 1585 715 1648 de
734 1598 864 1671 gutture
884 1583 1001 1646 fertur.

214 1661 309 1729 Mens
331 1667 461 1753 antiqua
483 1685 592 1735 tamen
610 1670 696 1734 facta
718 1690 843 1755 quoque
863 1665 983 1732 mansit
1001 1664 1038 1729 in
1055 1687 1145 1750 ursa,
1261 1671 1320 1732 485

214 1748 419 1836 Assiduoque
441 1775 515 1820 suos
537 1753 660 1841 gemitu
681 1767 793 1818 testata
815 1751 955 1831 dolores,

215 1831 475 1922 Qualescumque
496 1862 610 1905 manus
632 1838 671 1902 ad
694 1839 820 1903 coelum
840 1851 871 1902 et
890 1833 996 1901 sidera
1017 1832 1115 1916 tollit,

214 1915 447 2006 Ingratumque
468 1919 596 2005 Jovem,
618 1937 754 2009 nequeat
775 1945 851 1986 cum
870 1919 990 2000 dicere,
1012 1917 1121 1994 sentit.

213 2002 270 2066 Ah
293 2005 428 2088 quoties,
453 2009 522 2072 sola
545 2031 612 2073 non
632 2031 709 2072 ausa
730 2005 894 2092 quiescere
914 2002 1011 2085 silva,

216 2087 307 2151 Ante
329 2089 462 2156 domum
482 2093 707 2179 quondamque
729 2090 796 2157 suis
818 2087 942 2155 erravit
960 2087 998 2153 iu
1019 2085 1125 2175 agris!
1260 2091 1322 2152 too

214 2171 272 2235 Ah
298 2174 423 2257 quoties
443 2200 503 2264 per
520 2201 601 2242 saxa
624 2200 742 2242 canum
762 2174 930 2240 latratibus
953 2186 1023 2237 acta
1045 2186 1104 2255 est,

214 2253 440 2346 Venatrixque
461 2274 551 2327 metu
571 2276 750 2328 venantum
769 2258 882 2326 territa
902 2256 1003 2345 fugit!

162 2425 224 2480 476.
251 2446 317 2497 quo,
348 2447 385 2483 sc.
411 2434 436 2482 in
460 2448 573 2500 puerum.
610 2432 702 2500 Neap.‚
780 2432 842 2487 482.
862 2429 973 2495 caimos,
993 2427 1065 2491 irati,
1086 2433 1201 2494 utsaepe
1219 2425 1324 2494 pluralis

118 2495 198 2563 *Lips.
216 2497 239 2548 l.
254 2507 281 2550 00
292 2516 355 2550 0000
368 2501 464 2552 lleinsii
477 2503 601 2555 aduertit.
627 2501 702 2554 Conl.
745 2503 830 2556 animi
840 2518 883 2567 pro
896 2498 1025 2551 iracundia
1042 2497 1150 2563 ponitur.
1176 2524 1211 2536 -
1231 2514 1325 2565 prem

128 2565 161 2630 V,
175 2566 237 2620 231.
262 2568 322 2632 ΧΙΙ,
336 2569 397 2621 467.
417 2597 448 2607 -
475 2572 704 2637 emanationis
744 2567 1020 2638 dombaprecaatia,
1033 2566 1126 2616 excidit
1139 2566 1239 2632 Ovidio‚
1258 2569 1325 2633 quod

127 2636 251 2701 cupidum.
272 2665 305 2676 -
330 2637 391 2689 471.
411 2641 510 2694 scilicet
529 2643 554 2692 h.
574 2643 592 2691 Ι.
613 2641 704 2692 confir·
748 2641 923 2693 emendaturus
935 2642 1000 2698 erat,
1014 2641 1041 2685 ut
1053 2635 1161 2700 plurale
1175 2636 1213 2686 his
1233 2638 1325 2688 0000ιί-

127 2706 218 2755 mautis
240 2722 295 2756 cum
313 2707 437 2761 irrisione.
476 2711 549 2762 Coei.
569 2710 617 2774 ΙΙΙ,
641 2711 703 2764 268.
747 2711 835 2772 uibus,
861 2724 911 2758 uon
934 2704 1064 2756 emendato
1089 2718 1173 2768 opere.
1210 2703 1272 2758 Vid.
1292 2706 1325 2757 ad

129 2773 284 2841 Scriptorum
307 2776 356 2828 ltoc
379 2794 460 2831 uuum
484 2781 603 2831 exhibent
625 2781 702 2844 Abu„
747 2779 825 2832 Trist.
841 2777 861 2840 1,
876 2775 901 2828 7.
926 2774 998 2836 Virg.
1012 2774 1045 2825 A.
1059 2771 1116 2834 Vll,
1130 2771 1192 2827 237.

127 2843 224 2907 Berol.,
246 2845 329 2909 Cael,
347 2863 411 2898 unus
432 2849 510 2901 Sulm.
533 2856 560 2900 et
576 2866 621 2916 pro
643 2866 668 2901 v.
684 2851 702 2902 1.
817 2845 993 2913 Ptocserimus
1005 2842 1129 2894 manibus
1141 2843 1256 2898 ct'ttorct
1267 2860 1326 2897 000-

128 2914 167 2976 2„
182 2912 240 2964 Par.
254 2916 280 2969 2.
301 2922 327 2965 00
344 2917 415 2968 multi
428 2918 533 2970 lleinsii.
553 2947 585 2960 -
606 2918 661 2971 Pal.
675 2921 702 2975 2.
954 2913 989 2965 60
996 2913 1156 2981 precantia.-

128 2997 184 3031 cum
196 2983 265 3048 vulg.
279 2984 468 3039 3000107000.-
481 2989 518 3040 lle
531 2989 574 3039 illo
585 2989 705 3041 restaliat
746 2986 798 3038 alii
816 3000 849 3035 ex
867 2984 1014 3050 conjectura
1031 2982 1163 3033 ediderunt
1183 2980 1264 3032 verto
1280 2998 1326 3034 ro-

129 3051 164 3102 ef.
179 3051 223 3116 Vl,
239 3054 299 3105 539.
320 3083 355 3096 -
372 3057 434 3108 473.
449 3059 505 3122 met',
520 3059 561 3123 qui
572 3073 642 3109 meus
655 3064 703 3109 est.
746 3055 854 3123 gentio.
875 3082 907 3093 -
926 3053 987 3104 483.
1002 3068 1084 3120 posse
1102 3051 1189 3119 loqui,
1207 3052 1327 3116 loquendi

163 3120 224 3172 474.
244 3139 367 3192 namque.
395 3126 477 3190 Cael,
493 3127 567 3180 Goth.
584 3126 620 3191 1.‚
642 3142 705 3177 non·
748 3124 865 3176 facultas.
892 3121 1027 3184 Conixl,
1044 3119 1103 3172 177.
1124 3121 1184 3170 llor.
1206 3120 1288 3186 Epist.
1303 3121 1324 3187 Ι,

129 3191 702 3263 0011141101,0001100000)Ηο100110000.ρο.
748 3193 773 3258 7,
793 3191 837 3250 27.
863 3193 954 3244 reddes
971 3192 1048 3243 dadae
1063 3191 1144 3259 loqui.
1170 3189 1228 3240 Vid.
1248 3191 1326 3242 etim

128 3272 228 3329 nempe.
243 3261 386 3329 Perperam.
409 3263 509 3333 Nempe
520 3266 585 3316 enim
597 3266 633 3316 ita
645 3282 705 3317 oon·
748 3271 800 3315 not,
822 3263 854 3313 ad
873 3261 893 3326 Ι,
914 3262 957 3313 33.
978 3288 1012 3304 -
1030 3261 1091 3311 485.
1113 3258 1229 3310 Heinsius
1246 3260 1326 3311 tacite

130 3328 307 3395 1100000ῐί0000,
321 3332 393 3382 0000
407 3349 477 3398 quem
490 3351 612 3386 conversa
625 3336 704 3386 oratio
747 3333 825 3384 edidit
847 3340 951 3396 tamea,
977 3330 1041 3395 quod
1065 3330 1120 3379 cod.
1140 3327 1219 3392 liaph.
1240 3325 1325 3395 Regii,

128 3398 163 3447 sit
174 3412 227 3449 rem
240 3399 366 3451 affirmare
379 3409 406 3452 et
417 3406 554 3455 concedere
574 3413 705 3470 exspecte—
747 3403 817 3468 Lips.
837 3403 875 3464 20,
896 3401 968 3451 varia
986 3399 1005 3450 Ι.
1025 3398 1101 3450 Goth.
1119 3398 1147 3453 2.
1166 3396 1324 3450 confirmant.

127 3471 183 3530 tur3
203 3484 233 3518 ac
251 3470 394 3536 plerumque
417 3481 474 3539 post
497 3475 705 3536 interrogationes
747 3470 770 3522 ΙΙ
783 3471 891 3533 Boram,
905 3469 963 3519 Par.
976 3468 1000 3519 l.
1010 3469 1036 3523 2.
1051 3475 1078 3518 et
1089 3466 1179 3532 reliqui
1191 3481 1247 3515 cum
1259 3474 1324 3518 vett.

127 3543 155 3586 et
178 3553 253 3604 saepe
278 3555 325 3590 uon
350 3541 404 3591 sine
428 3543 565 3593 acerbitate
595 3542 702 3608 ponitur.
747 3540 804 3590 edd:
818 3547 915 3604 munet,
929 3538 994 3604 quod
1006 3537 1065 3587 milri
1074 3536 1221 3600 genuinum,
1235 3544 1326 3589 1οΜ

16 3653 19 3660 .
129 3604 702 3675 0000110093.1Χ,197.11,104.111,
746 3616 830 3660 autem
849 3624 882 3658 ex
901 3608 986 3671 glossa
1006 3606 1206 3657 ortumvidetur.
1246 3606 1323 3658 Coei.

130 3673 190 3727 Ι66.
216 3677 274 3729 Vid.
289 3686 341 3730 uot.
356 3681 387 3729 ad
400 3680 478 3731 Trist.
493 3680 536 3743 ΙΙΙ,
551 3681 576 3742 4,
586 3679 630 3735 23.
654 3679 704 3730 Sed
747 3677 793 3740 lX,
808 3677 867 3731 326.
895 3677 947 3727 lloc
960 3676 1034 3726 dicit:
1058 3675 1257 3741 mansuetique
1268 3690 1324 3727 nott

127 3744 154 3795 lr.
168 3747 187 3796 l.
208 3748 315 3814 simplex
333 3750 412 3799 oratio
426 3757 480 3800 est:
506 3749 582 3802 haud
599 3749 705 3818 impune
745 3754 911 3813 0001010001,
927 3749 1007 3810 sacto
1020 3762 1125 3814 quoque
1134 3747 1283 3812 pamma
1295 3746 1325 3797 tn

123 3815 205 3880 seres,
218 3831 333 3883 aomqeoe
344 3836 395 3887 ego
408 3821 459 3872 tibi
468 3825 518 3872 010.
745 3833 820 3868 ursa.
858 3816 896 3867 De
909 3816 955 3866 illo
970 3819 1051 3880 sacto
1069 3816 1137 3867 conl.
1153 3815 1172 3878 l,
1187 3815 1248 3867 566.
1285 3815 1325 3869 Μ

163 3883 224 3935 476.
251 3895 393 3955 arreptum.
425 3890 495 3956 Lips.
518 3888 542 3940 1.
563 3889 606 3952 2.,
632 3887 705 3955 pauci
746 3885 879 3938 remconi.
895 3885 939 3948 ΙΙΙ,
956 3885 1018 3936 203.

128 3950 216 4003 lleins.
231 3961 257 4004 et
267 3959 455 4021 margoliersm.
470 3960 591 4011 adverso.
606 3958 702 4022 Berol.,
782 3956 842 4008 486.
856 3956 966 4023 gemitu,
979 3971 1012 4006 ex
1024 3961 1245 4004 naturaursorum.
1259 3952 1323 4005 lior.

128 4019 220 4073 Dresd.
235 4027 342 4078 etmulti
355 4028 451 4079 Heiusii
464 4031 610 4081 adversam.
632 4028 702 4079 Flor.
746 4025 826 4093 Epod.
834 4024 906 4088 XVI,
915 4025 957 4075 51.
967 4024 1146 4092 circumgemit
1157 4039 1237 4073 ursus
1249 4023 1322 4075 ouili.

128 4089 265 4149 (613102.
286 4113 413 4148 auersam.
452 4097 474 4148 ll
488 4098 583 4148 lleinsii
600 4112 702 4149 000000.
781 4094 842 4147 487.
869 4096 1085 4163 qualescumque,
1104 4094 1146 4158 qui
1158 4093 1325 4158 qualicunque

127 4160 259 4231 Adverso,
284 4166 436 4230 quodvulgo
450 4166 541 4229 editur,
560 4167 706 4217 adsentan-
746 4167 818 4216 modo
831 4180 948 4216 munuum
959 4165 1028 4214 vices
1040 4162 1211 4230 praestabant.
1247 4161 1327 4213 Poeta

127 4229 187 4280 tiam
200 4241 269 4285 recte
283 4236 367 4286 hahet.
394 4234 445 4284 Sed
457 4234 536 4284 donec
549 4235 648 4285 codices
660 4251 704 4287 ac·
745 4236 771 4285 h.
785 4236 804 4286 l.
825 4235 916 4286 callide
937 4249 1051 4285 ursorum
1070 4232 1216 4282 facultatem
1240 4239 1327 4283 erecte

126 4304 238 4354 curatius
251 4305 351 4355 excussi
364 4303 466 4365 fuerint,
489 4303 605 4368 optimam
616 4304 705 4366 vulga-
746 4305 829 4355 standi
847 4304 994 4370 etpedibus
1013 4302 1180 4352 anterioribus
1198 4302 1268 4367 quasi
1281 4316 1328 4368 pre

125 4374 177 4421 tam
208 4380 344 4441 arreptum
374 4371 530 4422 retinendum
552 4372 703 4438 putavimus.
746 4373 860 4424 manibus
872 4375 958 4424 utendi
971 4374 996 4423 in
1008 4387 1080 4423 usum
1099 4386 1170 4422 suum
1189 4372 1325 4425 convertit.

123 4436 188 4492 Nam
197 4442 307 4508 prame
321 4441 398 4504 jusu
421 4448 558 4512 arreptura
577 4446 703 4507 constare,
782 4440 1326 4512 180.0010,(1000000,0011000’0.111,881.

109 4520 163 4556 aon
176 4508 406 4564 anormdnnest.
494 4526 500 4545 ¹·
747 4508 807 4577 Vll,
820 4510 883 4566 843.
919 4537 922 4543 ·
