2864 4890
151 174 213 230 XVI
574 174 932 231 rusuooucrlo.

154 345 240 415 erat,
262 330 309 396 sic
331 331 505 419 praecipue
530 327 717 420 hujusmodi
738 327 921 396 abundabat
940 327 1060 394 fabulis
1075 350 1157 413 quae
1178 300 1214 394 in
1235 341 1343 394 trans·

152 432 301 498 formatis
321 433 435 519 figuris
457 425 552 517 atque
572 429 761 519 corporibus
780 446 965 496 versantur.
998 429 1113 516 Neque
1136 429 1223 495 enim
1237 451 1342 496 unum

152 557 192 600 ac
221 549 346 599 certum
380 533 542 620 quoddam
573 555 675 619 genus
708 534 1013 620 metamorphoseon
1040 545 1104 613 est,
1137 532 1221 617 quod
1252 532 1341 618 apud

152 636 228 701 illos
248 659 327 724 prae
346 635 459 700 ceteris
482 636 605 699 cultum
622 634 791 723 floruerit,
814 635 869 700 sed
892 633 1042 720 quicquid
1062 634 1102 697 ad
1124 634 1340 698 transforma·

152 739 275 811 tionem
295 737 438 824 attingit,
460 734 556 824 hujus
576 752 728 822 vegetum
749 737 883 801 illorum
909 738 948 800 ad
975 735 1220 822 imaginandum
1245 735 1341 821 inge-

152 842 246 907 nium
268 838 503 926 elegantissima
526 854 558 904 et
576 838 773 904 carminibus
804 838 991 925 dignissima
1023 839 1173 926 exempla
1199 836 1339 933 invenit.

153 941 264 1029 ltaque
285 942 429 1031 primum
450 941 634 1025 frequentes
655 943 739 1029 apud
762 964 816 1006 eos
839 941 1033 1007 exstiterunt
1052 941 1202 1022 fabulae,
1230 940 1339 1025 quales

153 1045 239 1133 apud
263 1066 373 1110 omnes
394 1045 463 1108 fere
481 1042 626 1108 nationes
657 1041 888 1125 inveniuntur,
918 1068 999 1129 quae
1028 1043 1068 1107 ad
1096 1041 1341 1131 persuasionem

153 1147 352 1234 religionum
372 1161 404 1210 et
425 1144 593 1232 opiniones
622 1144 662 1209 de
692 1146 828 1210 deorum
857 1146 891 1212 vi
920 1170 958 1210 ac
985 1160 1101 1210 natura
1129 1145 1339 1232 pertinerent,

153 1249 246 1317 velut
266 1248 306 1312 de
326 1245 513 1313 hominibus
535 1261 669 1333 propter
694 1246 856 1333 insignem
883 1248 1044 1334 quandam
1068 1247 1265 1336 impietatem
1285 1260 1341 1310 aut

153 1364 279 1438 patrata
298 1371 417 1436 magna
437 1347 559 1435 flagitia
579 1348 715 1413 deorum
736 1347 786 1413 ira
811 1346 847 1414 in
868 1349 990 1415 alienas
1012 1350 1134 1415 formas
1155 1347 1340 1428 eonversia3

153 1451 232 1519 item
252 1452 290 1516 de
311 1451 405 1516 bonis
426 1449 612 1516 hominibus
633 1465 664 1516 et
684 1450 810 1537 magnis
832 1451 967 1517 ducibus
984 1454 1025 1517 ob
1048 1452 1247 1539 singularem
1266 1449 1339 1517 vir·

153 1569 257 1621 tutem
278 1568 334 1618 aut
356 1554 502 1639 ingentes
532 1555 712 1618 exantlatos
741 1554 886 1635 labores,
922 1577 1111 1640 summaque
1139 1553 1175 1619 in
1202 1553 1339 1618 salutem

153 1655 325 1723 hominurn
344 1671 489 1745 suscepta
510 1671 604 1742 atque
625 1671 774 1743 superata
798 1656 942 1742 pericula
969 1679 1037 1721 non
1064 1656 1134 1722 sine
1160 1654 1339 1720 mutatione

113 1813 116 1817 .
153 1758 315 1824 humanae
337 1775 471 1824 naturae
493 1782 512 1823 a
534 1757 595 1823 diis
615 1757 780 1822 honoratis
802 1773 832 1823 et
853 1757 890 1822 in
912 1758 1082 1824 beatorum
1102 1760 1211 1825 sedem
1230 1773 1337 1825 trans·

152 1861 244 1942 latis3
272 1861 351 1925 item
372 1863 411 1925 de
434 1861 482 1926 dis
504 1859 560 1945 qui
573 1875 678 1924 sumta
694 1859 800 1924 aliena
821 1862 927 1946 figura
940 1862 1110 1927 hominum
1124 1865 1221 1928 rebus
1235 1861 1338 1926 inter-

152 1962 280 2043 uenisse
305 1987 419 2049 easque
439 1961 578 2043 fovisse,
601 1985 728 2027 curasse
750 1978 781 2027 et
802 1964 966 2029 ordinasse
982 1966 1205 2030 credebantur.
1254 1963 1340 2030 Cum

152 2169 213 2234 bus
241 2184 336 2254 atque
363 2165 590 2254 cupiditatibus
619 2167 779 2233 obnoxios
811 2169 977 2252 finxisset,
1004 2193 1179 2259 permagna
1206 2169 1339 2234 inventa

154 2270 247 2358 copia
273 2267 598 2335 translormationum
627 2292 708 2354 quae
745 2271 785 2336 ad
814 2272 949 2337 deorum
978 2273 1172 2338 acdeorum
1200 2293 1337 2354 amores,

153 2371 392 2452 contentiones,
420 2370 577 2452 invidias,
611 2370 697 2453 iras,
727 2374 869 2460 aliasque
905 2373 1092 2461 cupiditates
1127 2375 1338 2461 pertinerent.

150 2474 249 2553 Aliae
271 2473 310 2536 de
342 2472 594 2559 metamorphosi
616 2474 747 2539 fabulae
775 2491 869 2539 natae
900 2498 943 2537 ex
969 2474 1196 2559 superstitione
1225 2499 1339 2541 rerum

151 2574 353 2660 magicarum
376 2589 406 2638 et
426 2573 633 2661 persuasione
654 2576 693 2639 de
714 2575 840 2640 arcanis
860 2590 995 2640 naturae
1015 2573 1141 2640 viribus
1170 2590 1201 2640 et
1221 2576 1338 2643 incan-

151 2677 311 2744 tationum
338 2675 530 2762 praestigiis.
582 2676 679 2742 Aliae
707 2700 724 2740 e
753 2676 866 2765 primis
895 2676 996 2741 initiis
1024 2691 1055 2742 et
1082 2677 1173 2762 quasi
1198 2679 1338 2746 infantia

151 2778 374 2870 philosophiae
402 2794 492 2843 ortae
527 2793 636 2859 erant,
668 2802 748 2864 quae
781 2779 865 2843 mira
892 2779 1066 2844 admodum
1103 2780 1142 2844 de
1168 2805 1279 2846 rerum
1307 2798 1339 2848 et

153 2879 369 2946 animantium
400 2880 527 2966 origine
547 2893 584 2944 'et
612 2880 746 2945 interitu
775 2881 877 2967 deque
906 2882 1078 2947 hominum
1104 2899 1177 2971 post
1200 2899 1339 2950 mortem

150 2997 234 3048 statu
256 2996 400 3047 monstra
423 3005 461 3046 ac
481 2982 702 3069 phantasmata
724 3000 947 3071 proposuerat.
991 2983 1088 3050 Aliae
1118 2987 1286 3052 eratione
1307 3003 1339 3054 et

150 3083 347 3173 etymologia
376 3084 564 3166 nominum3
593 3107 724 3150 rursum
750 3087 833 3152 aliae
861 3111 878 3152 e
905 3087 987 3168 situ,
1025 3103 1141 3152 natura
1167 3111 1206 3153 ac
1231 3089 1338 3155 forma

148 3201 322 3268 terrarum,
346 3186 516 3270 montium,
532 3187 724 3270 insularum,
747 3188 900 3272 fontium,
922 3189 1112 3272 fluviorum,
1134 3189 1336 3273 animalium,

148 3290 346 3378 plantarum.
390 3287 459 3354 Has
481 3291 627 3368 fabulas,
648 3305 685 3355 ut
707 3315 788 3376 quae
810 3308 939 3380 praeter
961 3292 1098 3357 illustria
1131 3293 1216 3355 facta
1244 3291 1337 3356 viro·

148 3415 225 3471 ¹rum
250 3393 414 3457 clarorum
435 3407 530 3478 atque
551 3394 687 3458 heroum
714 3393 800 3458 inter
827 3394 1042 3461 vetustissima
1071 3392 1253 3457 carminum
1283 3415 1338 3457 ar·

93 3514 96 3519 ·
148 3480 303 3580 gumenta
324 3493 435 3576 fuere,
464 3510 590 3558 mature
618 3503 817 3579 occuparunt
845 3509 957 3581 poetae
984 3495 1216 3580 materiamque
1244 3495 1339 3563 initio

148 3597 263 3662 rudem
285 3609 380 3680 atque
400 3596 570 3658 confusam
595 3609 777 3674 auxerunt,
799 3595 1037 3682 amplificarunt
1063 3595 1215 3681 omnique
1237 3621 1336 3664 orna·

148 3713 258 3762 mento
286 3693 410 3783 poetico
440 3693 681 3780 expoliverunt.
729 3694 840 3782 ltaque
873 3693 941 3786 jam
976 3697 1061 3784 apud
1089 3695 1274 3765 Homerum
1308 3715 1339 3766 et

148 3795 341 3875 Hesiodum,
365 3792 432 3879 qui,
456 3795 540 3879 quod
560 3796 691 3879 scimus,
713 3796 750 3862 in
772 3821 809 3863 eo
830 3821 949 3884 genere
964 3815 1110 3866 auctores
1132 3818 1225 3887 atque
1247 3802 1339 3887 quasi

150 3895 354 3983 antesignani
375 3897 519 3979 suerunt,
538 3900 660 3963 multae
682 3901 721 3963 de
743 3901 1029 3966 transformatione
1051 3919 1178 3969 exstant
1192 3905 1336 3985 fabulae,

100 3986 108 4089 l
149 4012 244 4083 atque
266 3998 386 4062 horum
411 4002 598 4087 exemplum
619 4024 656 4066 ac
676 4001 813 4088 vestigia
834 4003 935 4068 secuti
962 4004 1079 4089 reliqui
1107 4021 1218 4093 poetae
1240 4006 1335 4071 dein-

103 4104 106 4109 ’
149 4122 223 4187 ceps
253 4122 354 4185 usque
389 4102 428 4165 ad
463 4103 641 4190 posteriora
674 4119 819 4192 tempora
843 4119 943 4182 :suam
976 4106 1038 4172 sibi
1073 4108 1206 4193 quisque
1246 4108 1338 4193 quasi

116 4290 119 4299 .
150 4216 286 4289 partem
298 4219 482 4268 sumserunt
503 4219 597 4289 atque
619 4222 833 4274 exornarunt.
852 4207 978 4273 Verum
998 4223 1035 4275 ut
1056 4225 1124 4275 erat
1142 4233 1220 4296 gens
1234 4210 1339 4277 Grae·

120 4324 123 4331 ·
150 4325 264 4367 corum
284 4302 416 4390 ingenio
437 4306 478 4370 ad
499 4305 750 4392 excogitandum
773 4326 887 4397 vegeta
921 4326 952 4376 et
978 4311 1093 4376 alacris
1121 4328 1248 4377 mature
1277 4337 1339 4377 ex·

150 4402 319 4489 stiterunt,
340 4407 395 4491 qui
422 4432 491 4474 non
517 4407 661 4495 singulas
690 4425 815 4477 tantum
842 4428 872 4478 et
901 4436 954 4479 eas
982 4414 1113 4500 quidem
1139 4413 1339 4480 carminibus
