2864 4890
512 182 617 237 ovmtt
641 181 950 238 mrsuoueuosus

219 332 393 399 Aeneadae
414 350 577 423 praestant
604 352 636 402 et
664 350 774 402 mente
799 350 830 401 et
850 357 932 402 voce
952 335 1119 402 favorem.

217 418 346 484 Annuit
365 419 436 501 his,
459 421 617 507 motisque
639 422 716 488 deus
739 437 809 487 rata
831 421 968 509 pignora
994 421 1102 486 cristis

221 503 293 568 Ter
314 506 447 591 repetita
470 506 557 571 dedit
577 507 705 572 vibrata
736 506 830 571 sibila
854 506 979 590 lingua.

222 587 314 652 Tum
336 588 490 675 gradibus
509 591 620 655 nitidis
640 591 819 672 delabitur,
842 612 962 674 oraque
983 602 1071 654 retro
1271 595 1327 651 685

219 670 337 737 Flectit
359 687 389 737 et
420 674 564 758 antiquas
586 674 732 742 abiturus
753 673 883 762 respicit
904 696 989 755 aras,

219 758 437 857 Assuetasque
456 759 567 825 domos
596 760 800 845 habitataque
822 760 941 858 templa
963 759 1093 823 salutat.

219 839 299 905 lude
322 865 380 928 per
402 840 528 931 injectis
549 845 736 932 adopertam
757 844 892 910 floribus
914 866 1029 928 lugens

218 923 329 1012 Serpit
344 927 480 992 humum
493 929 653 1014 flectitque
667 928 768 1011 sinus,
790 927 993 1011 mediamque
1008 948 1066 1013 per
1079 926 1202 992 urbem

219 1006 344 1077 'l'cudit
364 1012 404 1077 ad
426 1011 564 1079 incurvo
586 1013 727 1079 munitos
749 1036 868 1098 aggere
893 1020 1017 1098 portus'.
1267 1020 1326 1073 690

220 1093 350 1160 Restitit
372 1094 443 1177 hic,
465 1119 644 1183 agmenque
664 1120 760 1163 suum
779 1098 954 1183 turbaeque
975 1093 1141 1178 sequentis

121 1192 131 1208 ‘
223 1179 380 1244 Officium
399 1181 524 1266 placido
548 1183 636 1247 visus
659 1183 818 1247 dimittere
841 1180 949 1261 vultu,

223 1260 350 1350 Corpus
371 1264 407 1327 iu
428 1265 574 1331 Attsonia
603 1267 710 1355 posuit
737 1282 817 1331 rate.
860 1262 1014 1330 Numinis
1034 1261 1095 1328 illa

220 1343 330 1412 Sensit
349 1371 448 1430 ontis,
470 1374 640 1436 pressaque
662 1350 714 1415 dei
733 1350 892 1438 gravitate
914 1348 1024 1413 carina

220 1433 395 1497 Aeneadae
417 1435 575 1520 gaudent,
601 1459 755 1520 caesoque
782 1435 817 1498 iu
838 1436 934 1498 litore
957 1448 1050 1498 tauro
1269 1438 1327 1494 695

136 1608 219 1663 noto,
245 1608 361 1668 repetunt
383 1604 475 1673 verbu,
501 1620 564 1673 quus
588 1605 707 1656 sacerdos
749 1606 775 1656 h.
790 1622 814 1656 e.
828 1604 926 1654 turbam
944 1601 1021 1651 officii
1040 1599 1170 1667 (lionoris)
1191 1615 1271 1652 causa
1289 1614 1328 1651 sc-

137 1672 289 1735 praeiverat.
750 1682 875 1742 quenten.
901 1672 974 1722 Post.
988 1669 1022 1721 tv
1029 1707 1036 1732 ‚
1051 1671 1077 1733 t,
1093 1671 1139 1721 42.

173 1738 233 1788 682.
253 1741 401 1801 Aeneadae,
421 1740 525 1791 Romani
540 1758 585 1807 psr
602 1741 707 1793 Silvium
819 1743 941 1806 optatum
948 1740 1044 1808 populi
1054 1738 1323 1806 concupientedorec.

135 1805 238 1858 Aeneae
251 1824 284 1858 cx
301 1808 407 1860 Lavinio
426 1810 503 1860 tilium
522 1812 552 1860 ub
566 1812 652 1861 Acuca
663 1826 708 1873 ge·
749 1814 808 1865 Juv.
828 1812 883 1861 Sat.
897 1810 931 1873 Χ,
945 1812 988 1860 44.
1068 1798 1080 1821 ⁸

134 1890 183 1935 uns
196 1877 325 1928 ducentes.
358 1879 416 1930 Vid.
437 1878 509 1942 Virg.
522 1884 553 1930 Α.
573 1880 624 1942 ΙΙΙ,
645 1880 705 1931 756.
819 1880 895 1932 Illinc
911 1877 1069 1939 cornicines,
1092 1875 1157 1928 irinc
1166 1877 1323 1944 praeceden-

115 1938 250 2001 :herou
265 1947 366 1999 Saturu.
382 1947 402 1998 Ι.
416 1965 440 1999 e.
462 1951 503 2001 12.
526 1949 590 2017 llpg.
611 1949 640 2000 ΙΙ.
661 1948 705 2001 tt.
956 1949 996 2000 tia
1009 1947 1089 2014 longi

134 2008 199 2067 llet.
214 2015 289 2079 XlV,
304 2017 353 2069 tos
373 2032 442 2084 seqq.
464 2018 542 2068 Trist.
558 2019 589 2080 ΙΙ,
604 2018 665 2076 261.
678 2045 707 2056 -
819 2017 941 2086 Agminis
954 2015 1051 2080 officio.

119 2092 276 2205 ¹,ssqepestont
287 2094 313 2139 et
324 2095 409 2140 mente
420 2096 446 2140 et
457 2105 518 2139 occe
525 2091 587 2153 suu.
610 2088 705 2151 lieret,
750 2086 815 2137 Plio.
830 2087 953 2154 Panegyr.
968 2102 991 2135 c.
1007 2084 1048 2135 76.
1064 2082 1159 2151 ipsius
1174 2084 1277 2152 quiden
1287 2087 1320 2146 ci-

125 2154 133 2183 Ι
189 2155 333 2218 sd.,Gotb.
356 2158 381 2208 l.
401 2159 446 2219 2.,
467 2157 594 2223 Lips.2.,
614 2157 705 2220 Sulm.,
742 2158 837 2221 ficium
862 2164 917 2207 torn
942 2153 1088 2216 modicum,
1118 2161 1180 2204 torn
1199 2162 1322 2220 teutpero·

135 2222 159 2274 ll
171 2223 242 2278 vau.
258 2225 340 2289 etot„
355 2225 467 2289 Zwicu,
480 2227 632 2276 hauddubie
645 2241 707 2274 nou·
749 2235 822 2286 tum,
836 2232 869 2276 ut
889 2226 1017 2292 antiquus
1037 2222 1138 2289 uliquis
1159 2238 1323 2291 mogrmrqtre

135 2293 198 2342 nulli
212 2294 298 2346 licius.
313 2303 338 2346 et
351 2297 391 2347 ed.
405 2312 443 2362 pr.
465 2303 490 2348 et
502 2304 587 2347 ruente
598 2303 624 2347 et
634 2311 704 2357 occe,
749 2295 842 2347 consul
860 2295 909 2345 sub
929 2295 993 2344 bono
1008 2292 1134 2360 principe
1151 2293 1273 2344 incedere
1287 2292 1322 2342 ci-

136 2362 200 2425 quod
214 2363 325 2415 dedimus
338 2366 395 2433 quia
409 2365 541 2431 respondet
552 2365 602 2413 illis
610 2363 706 2414 animis
749 2367 862 2417 deretur.

135 2431 288 2499 linguisque
306 2450 331 2487 v.
354 2435 413 2486 till.
453 2434 528 2497 Vulg.
554 2441 581 2484 et
604 2451 664 2484 voce
681 2439 706 2486 et
786 2430 1011 2483 convetetur.
1032 2447 1062 2480 eo
1084 2432 1255 2492 conscendit,
1280 2429 1322 2480 ubi

135 2510 228 2552 mente.
751 2506 783 2568 Q.
798 2503 910 2570 Ogulnii
926 2501 1012 2564 legati
1035 2500 1240 2550 tabernaculum
1258 2508 1317 2561 erut,

172 2570 232 2621 683.
252 2571 466 2634 lris,verbis.-
496 2580 573 2633 rota,
595 2571 707 2621 certissi-
749 2574 830 2640 inque
842 2572 1011 2637 multiplicent
1026 2570 1115 2618 orbern
1128 2586 1183 2636 per
1199 2585 1319 2620 summane

135 2653 185 2688 ma.
219 2638 289 2703 Virg.
310 2641 340 2692 Α.
364 2641 414 2704 tx,
442 2640 501 2692 104.
522 2643 600 2709 idque
618 2649 707 2695 ratum
751 2645 860 2709 quietern
875 2639 1091 2690 estconoolutus.
1106 2666 1142 2677 -
1177 2639 1318 2690 Numinis·

136 2710 241 2760 annuit.
751 2730 825 2762 onus.
854 2710 925 2762 Coni.
942 2708 993 2770 ΙΧ,
1014 2707 1076 2759 273.

172 2776 232 2826 684.
252 2786 291 2829 ter
302 2780 425 2844 repetito.
459 2777 494 2827 ltu
508 2777 607 2837 Burol.‚
621 2776 706 2840 Vnst,
786 2782 846 2831 stt.
867 2779 941 2829 Goth.
956 2779 982 2828 2.
1003 2783 1028 2825 et
1041 2777 1083 2825 ed.
1103 2791 1142 2840 pr.
1165 2777 1208 2827 dci
1221 2783 1258 2826 est
1272 2791 1313 2839 gr.

134 2844 200 2894 Tlru.
215 2853 240 2893 et
253 2863 296 2911 pro
311 2863 334 2894 νΙ
357 2848 373 2896 l.
395 2845 469 2896 Goth.
490 2848 534 2905 2.,
554 2847 617 2909 quod
638 2853 706 2895 recte
751 2851 813 2899 Cod.
828 2850 939 2908 bersum,
956 2846 1038 2894 Recol.
1053 2852 1079 2894 et
1093 2845 1165 2910 Lips.
1186 2847 1210 2898 2·
1228 2845 1312 2894 carino

136 2914 204 2962 dedit
219 2915 349 2965 Heinsius:
371 2930 425 2963 narn
445 2915 487 2963 illu
508 2916 613 2978 repetita
633 2915 707 2964 sibilo
750 2927 806 2980 est,
820 2935 866 2967 nou
880 2917 961 2977 ritule,
983 2915 1026 2962 sed
1040 2930 1089 2962 nou
1110 2916 1175 2964 sutis
1189 2915 1311 2964 auctorite·

133 2998 179 3048 pro
199 2984 342 3048 pignoribus
368 2984 435 3035 dedit
455 2991 481 3033 et
503 2991 566 3034 ruta
588 2984 706 3050 pignora
749 2990 779 3038 tis
794 3004 807 3037 a
820 2987 947 3036 veteribus
961 2984 1031 3032 libris
1050 2984 1135 3037 babet.

135 3054 256 3118 appositio
271 3063 309 3103 est
329 3056 359 3103 ad
378 3055 465 3104 sibilo.
498 3053 572 3103 Certe
590 3061 704 3103 contorta
785 3058 844 3106 666.
866 3071 992 3120 caesoque
1005 3082 1020 3090 -
1034 3060 1129 3112 tauro,
1145 3069 1178 3102 ex
1191 3068 1258 3100 ruore
1270 3051 1315 3099 sol·

134 3123 213 3173 oratio
227 3132 280 3174 est:
296 3124 408 3174 structis
422 3124 508 3175 cristis
519 3125 635 3189 pignora
649 3124 704 3187 (de
746 3128 856 3176 veutiuiu
870 3132 895 3173 ct
907 3122 1094 3188 apponentium.
1115 3122 1187 3171 Fust.
1203 3121 1244 3181 ΙΙΙ,
1259 3121 1313 3169 355.

134 3193 197 3257 dit),
218 3202 244 3244 ct
255 3195 359 3243 vibrato
372 3194 467 3261 lingue
485 3194 561 3244 sibilo
574 3192 654 3243 dedit.
670 3219 704 3232 -
815 3197 883 3246 Ante
895 3200 1048 3245 coronatam
1061 3192 1179 3259 puppim
1195 3192 1250 3242 stne
1262 3189 1316 3239 lube

133 3260 170 3311 De
184 3269 223 3313 ter
233 3280 289 3329 rep.
304 3264 372 3312 sibit.
387 3264 438 3313 vid.
454 3271 505 3312 not.
520 3265 550 3312 ad
565 3261 608 3324 lll,
624 3261 667 3311 34.
950 3261 1094 3322 ¹iuuencum

169 3330 230 3380 685.
250 3333 392 3384 delabitur.
420 3330 701 3396 ltaBersm.,Arond.,
850 3330 1020 3383 Mactorunt.

133 3396 234 3459 Bas.l.,
250 3399 385 3461 Pur.l.2.,
401 3400 701 3462 sse1·01.‚Cant.,uresu.,
746 3400 817 3464 Virg.
831 3404 895 3451 Aen.
911 3400 961 3460 ΙΙΙ,
976 3398 1019 3451 20.

135 3464 210 3514 Goth.
230 3469 272 3530 2.,
296 3468 392 3531 Neap,
418 3469 472 3519 Pul.
495 3470 537 3531 l.,
567 3469 635 3533 Lips.
663 3470 701 3531 2.,
953 3482 1099 3533 superoque
1110 3465 1235 3517 nitentem

133 3533 210 3598 Thu,
220 3534 292 3599 Urb.,
301 3535 383 3597 Vtut,
395 3536 500 3599 Zwicc.,
509 3539 606 3602 plurimi
616 3537 702 3587 Heius.
817 3537 973 3589 Coelicolum
986 3537 1045 3603 regi
1055 3537 1210 3588 mactabam
1222 3537 1248 3587 in
1259 3533 1315 3587 lito·

132 3611 158 3652 ct
170 3606 211 3655 od.
224 3623 278 3671 pr.‚
297 3605 360 3670 quod
374 3606 447 3656 ctimu
465 3607 519 3671 ipsu
532 3622 559 3655 re
572 3607 704 3656 coufirma-
954 3623 984 3655 re
996 3614 1114 3658 taurum.

131 3679 182 3723 tur.
196 3673 271 3739 Vulg.
280 3676 403 3726 elabitur.
419 3675 496 3725 Grou.
512 3675 535 3725 Ι.
551 3676 603 3727 etll
614 3676 701 3725 Heius.
746 3677 838 3739 Georg.
854 3676 880 3738 Ι,
896 3675 957 3725 436.

131 3743 213 3794 ditae.
226 3774 252 3782 -
261 3745 391 3812 gradibus
399 3746 498 3796 nitidis.
517 3745 596 3809 Supra
605 3761 629 3793 v.
640 3744 700 3793 672.
746 3748 909 3808 coronatae,
924 3752 950 3793 ut
969 3750 1084 3793 mosemt
1097 3743 1147 3791 iter
1160 3743 1223 3791 suari
1236 3742 1315 3802 ingre·

131 3820 171 3861 cst
183 3831 353 3865 marmoreum
372 3816 464 3868 solum.
486 3844 519 3853 -
544 3815 702 3865 lubiiuser-
744 3817 872 3865 dieutiurn.
899 3812 1047 3880 Amorqlll,
1063 3811 1167 3873 ΙΙ,29.

133 3889 207 3946 pente
221 3885 294 3934 etiam
308 3901 333 3932 v.
348 3884 407 3936 721.
424 3884 467 3946 lV,
483 3883 543 3933 493.
812 3887 874 3937 ,lam
894 3901 953 3935 neec
971 3882 1058 3933 ootiuo
1073 3883 1177 3951 puppis
1201 3879 1317 3930 redimito

168 3950 228 4000 686.
249 3954 389 4019 antiquos,
405 3954 555 4018 adjectivum
568 3967 669 4001 ornans.
954 3968 1050 4002 corono

167 4019 226 4070 687.
247 4023 364 4085 salutat,
379 4023 533 4072 valedicendi
545 4037 630 4072 cause.
847 4021 932 4076 bento
953 4027 1123 4072 tumescentes
1136 4018 1260 4085 aequoris
1273 4033 1318 4067 otc-

167 4088 226 4139 689.
247 4091 337 4152 sinus,
359 4093 432 4142 orbes
452 4109 473 4142 s.
494 4092 631 4141 volumina.
664 4088 698 4140 V.
952 4091 1099 4156 ditoqnos.

132 4156 193 4208 721.
219 4158 276 4210 Vol.
292 4161 360 4210 Mus.
379 4177 426 4226 per
438 4164 509 4212 urbis
523 4160 700 4212 celeberrimos
743 4161 815 4212 Curt.
832 4159 875 4223 lV,
892 4161 933 4210 18.
954 4160 1068 4224 nauigio
1082 4158 1265 4207 conscendunt
1282 4172 1318 4204 rc·

129 4236 220 4291 portes
233 4230 338 4281 mitibus
352 4233 433 4281 oculis
452 4240 476 4282 ct
489 4233 543 4281 leni
554 4239 646 4282 tractu
659 4232 701 4278 lo·
743 4232 836 4281 dimite
842 4231 955 4296 floribus
968 4229 1134 4296 coronisque.
1169 4227 1241 4289 Virg.
1257 4227 1317 4276 Acri.

132 4295 160 4344 bi
178 4300 274 4363 coepit,
304 4301 443 4367 triduoque
462 4301 529 4350 inter
547 4302 699 4367 religiosum
744 4299 794 4363 lV,
817 4301 877 4349 418.

131 4367 243 4416 omnium
252 4370 450 4421 admirationem
456 4377 611 4434 conspectus
624 4399 647 4407 -
663 4369 701 4420 od
814 4369 950 4436 Puppibus
963 4375 988 4418 et
1000 4366 1067 4417 laeti
1076 4373 1180 4416 nautae
1194 4366 1321 4431 imposue-

127 4433 258 4488 trircmem
270 4439 419 4492 Romanam
429 4439 557 4507 perrexit.
579 4438 662 4488 Gier.
952 4454 980 4487 re
993 4452 1114 4485 coronas.

158 4504 219 4561 etl.
242 4512 391 4585 turbaeque
416 4510 551 4583 sequentis
577 4507 708 4574 officium,
749 4507 906 4572 Scriptorum
933 4506 1027 4571 puppis
1064 4504 1217 4554 conflnnnut
1252 4499 1321 4552 multi
