2864 4890
641 181 742 237 LIBER
759 181 819 237 xn.

222 336 360 404 Elidunt
380 335 490 403 fauces
513 351 544 404 et
564 336 764 438 respiramen
782 335 906 422 iterque
957 339 960 342 ’

220 422 376 509 Eripiunt
395 421 533 488 animae.
577 421 711 487 Vlctum
731 420 872 508 spoliare
891 419 1026 508 parabat
1037 444 1048 501 3

221 507 326 572 Arma
347 506 459 571 relicta
478 506 586 588 videt3
610 529 726 593 corpus
754 507 832 570 deus
862 503 1010 590 aequoris
1030 504 1139 569 albam

224 589 367 657 Contulit
388 591 424 655 in
441 593 629 674 volucrem,
649 588 744 690 cujus
769 591 866 655 modo
886 613 1006 655 nomen
1026 590 1176 655 habebat.
1265 595 1323 654 145

264 674 328 740 Hic
349 677 459 757 labor,
486 677 563 741 baec
586 699 731 760 reqtuem
753 675 931 740 multorum
952 697 1062 761 pugna
1082 674 1209 740 dierum

222 759 362 841 Attulit,
385 776 416 825 et
435 760 547 848 positis
568 784 642 848 pars
662 776 798 844 utraque
822 757 963 823 substitit
984 758 1095 825 armis.

222 843 377 928 Dumque
396 844 480 930 vigss
500 845 665 934 Phrygios
688 859 797 910 servat
818 842 962 909 custodia
982 865 1118 927 muros,

221 927 264 994 Et
285 929 368 1014 vigil
387 929 561 1009 Argolicas
582 944 690 995 servat
710 928 853 993 custodia
873 929 993 1006 fossas3

222 1012 317 1078 Festa
340 1014 407 1079 dies
428 1015 557 1098 aderat,
580 1038 642 1099 qua
666 1011 774 1102 Cygni
792 1012 899 1078 victor
924 1010 1073 1077 Achilles
1120 1081 1122 1086 ,
1265 1018 1326 1073 150

221 1097 357 1162 Pallada
378 1097 535 1164 mactatae¹
555 1099 701 1186 placabat
722 1097 880 1182 sanguine
901 1118 1031 1163 vaccae.

224 1181 324 1271 Cujus
346 1198 381 1247 ut
402 1182 555 1270 imposuit
577 1198 721 1270 prosecta
745 1181 922 1247 calentibus
953 1179 1031 1261 aris,

221 1265 263 1331 Et
285 1267 334 1330 dis
355 1267 706 1355 acceptus'penetravit
726 1266 762 1331 in
783 1267 912 1330 aethera
935 1265 1050 1344 nidor3

222 1348 324 1416 Sacra
346 1353 449 1416 tulere
470 1375 579 1434 suam,
602 1376 676 1439 pars
700 1367 747 1416 est
768 1352 840 1415 data
864 1365 967 1414 cetera
989 1345 1122 1413 mensis.

222 1433 428 1500 Discubuere
449 1437 528 1502 toris
549 1461 716 1524 proceres,
741 1449 772 1500 et
793 1458 928 1522 corpora
951 1432 1032 1499 tosta
1265 1440 1323 1496 15⁵

224 1519 330 1585 Carne
351 1523 493 1608 replent,
515 1521 658 1607 vinoque
677 1523 787 1587 levant
811 1543 968 1604 curasque
988 1517 1150 1602 sitimque·

222 1601 300 1670 Non
320 1604 394 1670 illos
415 1606 577 1688 citharae,
600 1627 667 1672 non
692 1605 767 1671 illos
790 1605 932 1669 carmina
958 1625 1078 1670 vocum

222 1688 380 1776 Longane
402 1690 560 1756 multifori
583 1693 717 1756 delectat
745 1690 823 1756 tibia
846 1688 949 1769 buxi3
1112 1691 1119 1700 ’

221 1770 286 1838 Sed
309 1790 435 1839 noctem
455 1799 606 1840 sermone
634 1778 789 1857 trahunt,
817 1774 985 1858 virtusque
1007 1768 1161 1855 loquendi

221 1855 358 1923 Materia
381 1875 439 1927 est.
481 1860 632 1948 Pugnam
653 1862 799 1926 referunt
819 1858 980 1943 hostisque
1010 1877 1177 1940 suamque,
1264 1863 1325 1919 160

205 2023 549 2098 Λγχεδέμινπολύκεστος
562 2028 627 2099 ἱμὰς
639 2028 712 2083 ἀπα-
753 2030 798 2081 bat
809 2028 911 2080 Achilli.
926 2027 956 2078 11.
970 2027 991 2090 1,
1008 2025 1057 2077 164
1069 2041 1140 2091 seqq.
1155 2054 1189 2066 -
1201 2024 1250 2076 Pro
1269 2043 1327 2078 mn·

345 2094 396 2162 λὴν
408 2093 460 2148 ὑπὸ
474 2095 578 2165 δειρήν,
755 2106 845 2150 616166
856 2098 932 2147 Rarb.
947 2105 972 2147 et
985 2096 1075 2158 fragm.
1090 2095 1181 2146 Theai.
1201 2095 1325 2150 vittatae.

107 2192 113 2200 ·
202 2161 250 2224 “oc
261 2164 288 2217 oi
300 2159 343 2216 ὑπ’
356 2165 528 2235 ἀνθερεῶνος
536 2164 711 2234 ὀχεύςτέτατο
791 2167 850 2221 152.
864 2174 1005 2234 prosecta,
1024 2166 1050 2214 h.
1065 2181 1088 2215 e.
1102 2167 1201 2214 viscera
1214 2169 1268 2217 sive
1283 2168 1328 2218 illa

347 2235 517 2300 τρυφαλείης.
756 2243 830 2299 exta,
845 2251 908 2302 quac
921 2231 959 2285 dis
978 2234 1152 2285 adolebantur.
1179 2234 1210 2284 ll.
1230 2236 1255 2302 1,
1275 2235 1327 2288 459
1391 2240 1398 2253 ‘

175 2300 235 2353 142.
256 2301 415 2368 respiramen
428 2303 528 2370 iterque
539 2302 653 2356 animae.
669 2303 711 2355 cf.
755 2322 824 2371 seqq.
1316 2339 1319 2343 ·

139 2370 173 2435 11,
188 2370 249 2423 828.
792 2374 851 2425 154.
871 2373 968 2435 tulere,
983 2387 1114 2438 accepere.

177 2439 237 2491 145.
257 2439 385 2503 contulit,
400 2439 425 2491 h.
439 2455 464 2490 e.
478 2440 617 2503 convertit,
630 2447 713 2492 muta·
792 2445 851 2495 155.
871 2445 1024 2495 discubuere
1040 2443 1117 2495 toris.
1131 2439 1204 2506 Vlll,
1219 2441 1280 2493 566.
1296 2470 1329 2483 -

136 2508 332 2571 611.1Χ,“347.
359 2509 431 2559 Lotis
448 2510 476 2561 in
495 2509 566 2560 hanc
583 2512 729 2562 volucrem
755 2520 841 2576 tosta,
865 2521 959 2564 assata.

138 2580 287 2631 contulerat
298 2595 384 2630 versos
396 2580 494 2631 votare.
510 2579 635 2643 6666111,
649 2581 711 2635 278.
791 2582 851 2634 157.
869 2599 923 2635 non
939 2583 999 2634 illm
1013 2581 1158 2633 citharam·
1171 2579 1288 2632 Citharac
1301 2589 1328 2634 et

138 2649 192 2699 Cic.
208 2648 257 2699 Off.
271 2647 314 2698 111.
328 2659 359 2710 tc.
373 2647 416 2700 26.
436 2665 469 2699 aa
487 2649 589 2699 homine
605 2667 634 2701 se
652 2666 713 2701 con·
752 2653 823 2703 vocis
835 2661 923 2702 cantus
942 2659 992 2702 tum
1008 2657 1141 2718 perpetuus
1158 2651 1328 2704 conviviorum

137 2718 422 2781 1666666666-
447 2719 507 2780 „ln
525 2721 654 2771 uolucrem
667 2737 713 2771 ou·
754 2737 847 2772 eomes.
862 2722 975 2773 Hom.ll.
985 2722 1005 2784 1,
1027 2720 1087 2771 663.
1102 2720 1150 2771 06.
1166 2719 1191 2782 l,
1214 2720 1274 2774 152.

132 2787 183 2852 juo
202 2788 276 2838 modo
300 2803 393 2837 nomen
411 2786 567 2840 habebat“:
592 2790 668 2852 igitur
685 2789 711 2839 in
790 2791 849 2842 158.
870 2791 945 2843 Goth.
959 2792 1003 2854 2.,
1018 2790 1101 2856 optimi
1115 2789 1148 2854 (1)
1163 2789 1249 2840 Heius.
1263 2797 1328 2841 teste

136 2871 257 2924 cygnum,
273 2863 301 2906 ut
314 2856 414 2923 Cygnus
427 2858 492 2907 alter
504 2857 547 2923 (ll,
564 2858 637 2924 367.)
651 2875 710 2925 quo·
753 2861 894 2911 Burruanao
914 2868 939 2911 et
951 2861 991 2911 ed.
1013 2876 1051 2926 pr.
1072 2861 1195 2925 longave.
1228 2858 1328 2924 Reliqui

134 2940 184 2996 quc
196 2927 222 2974 in
235 2941 338 2992 cygnum
353 2941 423 2975 avem
436 2935 544 2976 mutatus
557 2935 621 2978 erat.
754 2930 897 2998 longaque.
906 2955 940 2967 -
950 2930 1011 2991 Ox„
1023 2929 1111 2991 fragm.
1119 2926 1221 2990 Tbeat.,
1230 2927 1290 2979 Vnt.
1300 2929 1326 2982 1.

172 2994 232 3046 146.
253 2995 284 3045 ln
297 2996 413 3046 convicio
425 2996 460 3046 ab
473 2997 572 3048 Achille
591 2999 622 3048 ob
635 2998 712 3049 illam
753 3007 779 3049 et
791 2999 825 3051 Vl
840 3000 935 3050 Heinsii
948 2999 1087 3049 delectant.
1114 2996 1176 3046 Cod.
1191 2997 1287 3047 Bersm.
1301 3006 1329 3049 ot

134 3064 273 3118 victoriam
285 3064 407 3116 instituto
421 3064 518 3118 Nestor
535 3075 632 3118 narrat
646 3068 711 3118 Cac-
751 3069 839 3120 Ambr.
853 3071 985 3120 delectant
1010 3066 1140 3116 carmina.
1161 3064 1238 3125 Vulg.
1257 3067 1327 3118 dele-

134 3150 214 3186 neum
228 3133 401 3185 Perrhaebum
414 3151 436 3184 s.
457 3152 490 3185 eac
508 3137 572 3186 urbe
586 3136 711 3187 Perrhae·
754 3145 865 3188 ctat·
887 3137 925 3187 lle
938 3136 1004 3187 tibia
1013 3133 1142 3195 multifori
1153 3134 1219 3184 buxi
1229 3133 1280 3186 vid.
1295 3138 1328 3188 ad

137 3202 368 3265 boinThessalia‚
384 3204 498 3271 quiante
506 3205 711 3268 seminuCaenie
753 3206 797 3267 lV,
813 3204 856 3256 36.
870 3233 904 3245 -
939 3205 1056 3255 Ceterum
1075 3203 1166 3253 dicitur
1185 3203 1283 3255 bunum
1301 3213 1329 3257 61

131 3278 244 3338 suerat,
260 3274 287 3324 in
305 3289 404 3324 marem
422 3281 554 3325 mutatum
573 3282 599 3326 et
624 3274 711 3325 invul-
753 3276 850 3325 bueus.
884 3273 964 3339 Supra
982 3274 1089 3324 vidimus
1115 3289 1231 3326 comum.
1265 3274 1329 3327 lllnd

134 3342 279 3393 onerabilem
299 3345 422 3405 sactum3
448 3351 531 3410 atque
553 3343 664 3394 eundem
681 3345 711 3394 in
752 3344 836 3409 ionga
853 3351 934 3394 ornat.

131 3427 233 3481 pugna
252 3412 445 3463 Centaurorum
464 3429 523 3462 cum
540 3412 662 3481 Lapithis
682 3414 711 3464 in
789 3412 849 3464 156.
867 3414 967 3476 niman,
987 3427 1024 3462 sc.
1037 3410 1140 3463 bellica.
1167 3410 1239 3476 Virg.
1257 3411 1290 3464 Α.
1305 3412 1326 3478 1,

135 3496 212 3534 auctu
229 3489 362 3532 mutatum
381 3498 444 3531 esse.
471 3481 712 3548 lnsertaestpugna
753 3480 813 3534 748.
1124 3526 1126 3530 ,

134 3551 316 3602 Centaurorum
336 3566 392 3600 com
410 3550 523 3617 Lapithis
540 3565 555 3600 a
572 3567 598 3601 v,
616 3551 711 3605 216-
743 3550 746 3559 “
818 3575 862 3590 -
879 3576 913 3590 -
931 3577 962 3588 -
988 3548 1061 3600 camo
1086 3556 1188 3602 noctem
1211 3565 1329 3603 termam

132 3619 196 3671 456.
221 3619 337 3685 Apollon.
357 3619 450 3684 Rh.*l,
471 3619 514 3670 57.
535 3620 600 3689 Hyg.
619 3621 649 3672 R.
665 3620 708 3673 14.
959 3619 1086 3671 trahebat

111 3695 119 3718 '
135 3688 210 3740 Serv.
225 3684 261 3739 ad'
269 3688 339 3752 Virg.
353 3690 384 3740 A.
399 3687 434 3740 Vl
449 3726 455 3739 .
856 3687 954 3752 Infelix
965 3687 1046 3738 Dido.

172 3757 233 3809 147.
258 3759 391 3823 substitit,
420 3758 528 3825 quievit,
547 3758 666 3809 cessavit.
687 3757 708 3824 l,
753 3756 865 3810 Noctem
876 3773 992 3807 sermone
1009 3753 1113 3806 trahere
1129 3752 1276 3817 exquisitius
1289 3761 1330 3806 est
1370 3808 1374 3813 .

132 3826 196 3884 207·
753 3843 825 3892 quam
838 3841 956 3877 ammone
967 3832 1069 3874 noctem
1080 3829 1162 3872 terere
1178 3821 1222 3871 vol
1232 3838 1330 3874 mmo.

172 3895 231 3946 148.
254 3895 394 3963 Phrygios,
408 3895 541 3961 Trojanos.
562 3896 709 3962 Argolicos.
751 3911 811 3946 nem
823 3895 927 3945 trahere
938 3895 966 3943 in
978 3900 1089 3943 noctem.

135 3963 710 4029 Graecos.Vlll‚2til.-Derepetitioneilla
796 3963 855 4013 166.
884 3977 1009 4029 pugnam
1026 3992 1038 4002 -
1056 3975 1192 4026 suamque.
1237 3959 1275 4011 lta
1304 3960 1328 4014 ll

132 4036 204 4102 aigil
216 4035 336 4086 custodia
349 4042 417 4095 eto,
438 4034 501 4099 apud
521 4033 645 4083 Nasonem
659 4033 711 4083 irc·
753 4032 860 4093 berem,
875 4031 971 4092 86661,
986 4031 1072 4093 Flos,
1087 4028 1161 4080 Goth.
1178 4030 1202 4080 1.
1215 4030 1259 4091 2.,
1274 4029 1330 4082 hla-

133 4105 296 4169 quentissima
309 4104 376 4154 6661.
386 4119 411 4152 v.
423 4103 482 4155 162.
498 4101 557 4152 163.
574 4101 633 4152 172.
649 4101 709 4153 173.
753 4101 802 4150 dic.
819 4100 844 4151 1.
859 4101 883 4150 3.
899 4101 943 4160 4.,
962 4098 1016 4149 Ρ61.
1036 4099 1081 4161 2.,
1103 4097 1162 4150 1161.
1179 4098 1221 4162 1.,
1241 4098 1327 4166 Vnst,

133 4173 155 4237 l,
170 4173 231 4227 325.
246 4172 307 4228 326.
321 4200 355 4212 -
379 4179 482 4235 sucat,
497 4171 623 4235 observat,
637 4178 665 4221 ut
677 4169 708 4235 V,
752 4169 863 4231 Zwiec.,
882 4169 957 4225 multi,
972 4169 1059 4219 Heius.
1077 4175 1103 4218 et
1121 4169 1178 4219 cdd.
1198 4168 1280 4219 Venu.
1295 4197 1327 4208 -

133 4241 196 4294 631,
328 4261 333 4268 ·
752 4237 849 4304 Reliqui
859 4255 1120 4306 pugnas-suasque.
1145 4236 1193 4288 Pro
1206 4237 1327 4300 singulari

171 4311 230 4362 149.
247 4313 349 4374 fossas.
377 4308 455 4361 Gran.
471 4308 512 4371 1.,
527 4307 634 4371 Medio,
649 4305 708 4357 Par.
752 4310 816 4373 quod
836 4309 956 4371 offeram,
977 4309 1038 4359 nibil
1053 4309 1132 4374 habeo
1144 4314 1246 4373 practer
1262 4307 1327 4371 quod

131 4379 253 4444 2.,1161.
269 4380 310 4445 1.,
325 4379 420 4430 Zwiec.
435 4386 461 4429 61
485 4377 615 4430 VHeinsii
627 4380 710 4445 flam·
750 4376 1327 4445 plureseumhaberecodd.videauturetqnod

130 4452 202 4502 maa.
751 4448 905 4514 probabilius
918 4449 961 4512 sit,
975 4445 1108 4497 alibroriis
1120 4445 1241 4512 pluralem
1254 4459 1326 4512 quam
1381 4441 1384 4450 ⁴

169 4518 230 4574 161.
258 4517 382 4584 Pallada,
397 4515 547 4582 Minervam,
561 4528 625 4583 qnae
638 4514 711 4567 iava-
750 4518 903 4582 singularem
915 4518 1043 4568 inventum
1056 4528 1137 4582 osso„
