2864 4890
372 1035 435 1123 P.
466 1031 709 1122 OVIDII
745 1027 1064 1119 NASONIS

167 1172 1276 1355 Mnrnuonrflosnon

342 1477 505 1546 LIBER
549 1475 796 1564 QUINTUS
832 1469 1092 1544 DECIMUS.

638 1700 804 1712 ———

95 1954 98 1959 ,
214 1832 425 1969 Quaeritur
445 1881 590 1963 interea,
614 1881 684 1967 quis
705 1895 812 1946 tautae
834 1880 977 1967 pondera
998 1879 1096 1944 molis

210 1964 375 2032 Sustineat
397 1981 548 2051 tantoque
570 1982 664 2052 queat
683 1967 854 2030 succedere
875 1964 957 2050 regi.

165 2048 168 2052 ’
209 2050 361 2116 Destinat
378 2051 516 2137 imperio
540 2051 663 2115 clarum
684 2049 876 2137 praenuntia
898 2049 972 2114 veri

208 2134 309 2199 Fama
331 2134 486 2200 Numam.
528 2134 607 2200 Non
625 2135 682 2198 ille
702 2134 778 2198 satis
801 2157 956 2219 cognosse
978 2129 1123 2197 Sabinae

210 2219 322 2285 Gentis
345 2220 441 2284 habet
462 2218 562 2295 ritus;
589 2219 697 2283 animo
721 2217 843 2307 majora
866 2217 976 2304 capaci
1296 2221 1311 2276 ⁵

209 2301 377 2391 Concipit,
402 2318 433 2368 et
455 2328 535 2388 quae
557 2302 598 2368 sit
618 2327 728 2367 rerum
751 2319 865 2366 natura
887 2298 1035 2386 requirit.

206 2385 314 2472 Hujus
337 2411 429 2452 amor
452 2413 565 2469 curae,
589 2387 692 2473 patria
715 2385 918 2470 Curibusque
942 2382 1075 2464 relictiS,

206 2469 312 2552 Fecit,
335 2487 371 2535 ut
391 2471 547 2537 Herculei
569 2486 751 2560 penetraret
773 2472 813 2535 aei
834 2469 968 2557 hospitis
987 2471 1117 2533 urbem.

1135 2577 1172 2590 Q

192 2675 217 2727 I.
238 2675 471 2728 NumaeSabinis
486 2679 601 2730 Crotona
612 2677 694 2746 profi·
774 2678 799 2728 3.
824 2677 934 2727 clarum.
975 2675 1032 2726 Liv.
1056 2674 1076 2724 l.
1099 2691 1124 2724 c.
1148 2672 1190 2724 18.
1218 2674 1311 2725 Inclita

122 2744 244 2807 circitor,
269 2753 300 2796 ut
324 2747 361 2795 iii
382 2747 625 2812 Pythagoraeorum
650 2749 697 2796 do·
733 2749 845 2812 justitia
863 2746 1009 2812 religioque
1026 2762 1059 2795 ea
1078 2752 1232 2810 tempestate
1250 2743 1310 2792 Nu·

121 2815 235 2866 cirinum
249 2823 423 2880 cognosceret.
465 2815 516 2866 Ubi
527 2818 601 2867 urbis
614 2817 696 2882 origi·
737 2835 796 2867 mac
817 2817 940 2881 Pompilii
955 2824 1022 2865 erat.
1037 2842 1071 2853 -
1099 2813 1308 2863 Consultissimua

119 2899 178 2934 nem
208 2885 346 2950 quaerenti
367 2892 510 2945 narratur,
537 2885 693 2953 Myndum,
736 2888 778 2936 oir
797 2887 879 2936 omnis
905 2884 986 2934 diuini
1007 2890 1089 2950 utque
1107 2881 1219 2933 numani
1230 2882 1307 2944 juris.

120 2952 361 3015 Alemonisfiliurn,
376 2954 519 3020 Argiuum,
535 2955 568 3005 ab
583 2956 696 3006 Hercule
737 2955 811 3005 Cont'.
827 2955 893 3004 Flor.
908 2953 927 3003 l.
942 2968 965 3003 c.
979 2954 1006 3006 2.
1021 2959 1047 3001 et
1059 2951 1130 3002 Fast.
1142 2951 1185 3013 ΙΙΙ,
1199 2952 1307 3015 iiisqq.

118 3023 223 3085 jaesum
240 3023 329 3073 urbem
347 3022 375 3073 in
393 3023 474 3075 Italia
494 3026 626 3075 condere·
641 3024 698 3090 Qui
736 3053 770 3065 -
791 3023 954 3090 praenuntio
978 3021 1040 3072 ceri.
1077 3020 1151 3084 Virg.
1176 3021 1242 3071 Aen.
1266 3018 1306 3085 IV,

120 3110 179 3144 cum
199 3093 321 3160 patriam
337 3092 483 3159 relinquere
500 3095 641 3158 uoluisset,
662 3095 693 3143 ob
738 3093 797 3144 188.
812 3093 888 3142 Fama

120 3179 178 3212 eam
192 3179 303 3212 causam
320 3161 348 3212 in
358 3161 406 3223 jus
419 3171 542 3213 vocatum
559 3179 695 3229 omnesque
810 3161 878 3213 Tam
889 3160 953 3226 ficti
972 3159 1106 3225 pravique
1123 3166 1208 3210 tenax
1233 3174 1305 3226 quau

120 3230 214 3281 ciuium
227 3232 343 3280 calculos
356 3240 428 3283 atros
447 3233 473 3282 in
487 3234 561 3283 albos
578 3241 695 3284 mutatos
944 3230 1040 3280 nuntia
1059 3229 1123 3278 veri.

119 3315 184 3348 asse.
221 3303 278 3364 Quo
293 3302 371 3361 sacto
385 3302 534 3352 absolutum
552 3304 695 3369 emigrasse
772 3299 798 3348 4.
823 3297 940 3349 Sabinae
963 3298 1061 3364 gentes.
1100 3297 1158 3348 Liv.
1182 3297 1202 3347 I.
1222 3314 1245 3347 c.
1267 3296 1302 3347 18.

119 3374 145 3418 et
160 3367 276 3416 Crotona
289 3369 441 3418 condidisse.
475 3368 531 3420 Vid.
547 3371 632 3420 Strub.
647 3371 691 3421 VI.
738 3366 841 3432 (Numa)
875 3368 991 3418 Curibus
1021 3366 1132 3417 Sabinis
1156 3366 1302 3418 habitabat.

121 3435 146 3485 Ι.
164 3423 212 3485 Iis
226 3434 313 3484 Livius
326 3434 357 3484 I..
373 3436 392 3486 l.
413 3435 517 3487 Numam
531 3441 630 3489 audisse
644 3440 693 3507 Py·
736 3438 816 3487 Cures
830 3443 911 3486 nutem
929 3445 1003 3503 caput
1018 3436 1129 3498 regionis
1144 3436 1262 3487 Sabinae.
1277 3461 1303 3474 -

119 3507 248 3568 thogorma
269 3505 386 3566 gravibus
411 3509 562 3567 argumentis
587 3509 691 3559 refellit.
735 3508 978 3568 ritae,1nores.-
1012 3506 1079 3557 satie
1096 3504 1194 3568 habet,
1215 3505 1304 3571 quinc-

120 3575 193 3626 Coni'.
222 3575 326 3642 Dionys.
348 3574 405 3625 flat.
434 3575 465 3624 II.
486 3591 509 3624 c.
532 3577 573 3625 59.
594 3584 620 3626 et
637 3578 691 3628 Cic.
736 3576 842 3640 quiescit
854 3576 878 3624 in
892 3576 975 3638 aliqua
988 3591 1024 3624 re.
1056 3573 1303 3642 Vid.interpp.trl·

118 3644 196 3695 Tuso.
211 3644 256 3695 IV.
276 3660 300 3694 c.
316 3643 341 3695 l.
380 3643 429 3694 Sed
449 3645 568 3695 historiae
587 3648 694 3712 scriptor
734 3646 795 3695 lust.
809 3645 865 3706 lug.
881 3644 977 3694 XXXI.
992 3659 1015 3692 c.
1029 3642 1074 3696 20.

118 3729 207 3763 munus
220 3731 289 3763 suum
303 3714 402 3780 explet,
423 3721 448 3764 ct
459 3722 533 3782 poeto
545 3732 630 3784 suum,
648 3719 692 3767 sed
772 3716 798 3764 5.
818 3715 876 3763 Bos.
893 3713 917 3762 3.
932 3729 996 3764 neue
1008 3711 1097 3778 gestis
1109 3710 1201 3763 habet.

118 3783 217 3831 diverso
230 3785 312 3833 inodo.
772 3783 797 3833 o.
818 3782 946 3848 concipit,
972 3782 1081 3843 cogitat,
1105 3782 1136 3830 ud
1156 3782 1252 3845 majora
1269 3779 1302 3828 in·

154 3848 178 3900 Ι.
205 3852 274 3916 quis.
318 3852 419 3914 Berol.,
446 3852 495 3903 (ix.
524 3861 549 3903 et
567 3853 641 3904 Goth.
665 3853 691 3904 Ι.
736 3852 815 3902 tendit
834 3852 950 3900 animum.
978 3850 1092 3911 Cauil,
1110 3849 1170 3900 777.
1243 3863 1303 3916 quae

116 3919 177 3985 qui,
199 3919 263 3982 quod
276 3920 300 3967 h.
317 3920 352 3980 Ι.,
371 3929 398 3971 ut
411 3924 494 3972 multis
508 3923 578 3981 aliis,
604 3930 692 3989 poetae
735 3922 771 3972 sit
783 3937 868 3971 rernm
880 3929 995 3980 natura,
1015 3920 1153 3968 communis
1166 3917 1303 3983 antiquissi-

117 3996 211 4038 temere
225 3987 502 4040 obt.rusitlleinsius.-
514 3993 598 4043 molis.
613 3992 692 4042 Trist.
736 4005 830 4040 morum
854 3990 1052 4055 philosophorum
1083 3989 1212 4052 inquisitio
1238 3995 1303 4052 atquc

117 4058 156 4123 ΙΙ,
176 4057 238 4109 22Ι.
252 4056 282 4104 ad
300 4054 452 4117 Augustum:
735 4059 904 4120 investigatio.
936 4058 1007 4120 Virg.
1022 4057 1116 4121 Georg.
1131 4058 1168 4121 ΙΙ,
1191 4058 1243 4108 414
1255 4072 1303 4122 sqq.

190 4127 251 4178 Non
264 4143 296 4175 ea
309 4132 335 4176 te
346 4127 426 4176 niolae
444 4129 561 4180 Romani
579 4130 692 4181 nominis
736 4128 796 4178 Hor.
811 4127 891 4192 Epist.
907 4126 934 4189 I,
956 4128 997 4189 12,
1013 4126 1045 4176 16
1058 4143 1113 4192 sqq.

327 4203 419 4262 urget.
771 4198 796 4249 7.
815 4196 1005 4260 infracturas,
1031 4197 1105 4261 liujus
1125 4198 1220 4262 studii,
1239 4204 1266 4248 ut
1282 4211 1304 4246 r.

149 4264 176 4316 2.
198 4273 274 4316 tanto
293 4266 367 4332 regi,
394 4264 507 4314 Romulo.
534 4266 611 4330 XIV,
640 4267 689 4318 805
736 4266 778 4316 65.
817 4266 953 4332 Gierig.

113 4347 168 4396 sqq.
185 4362 216 4371 -
229 4337 361 4387 sustineat
368 4335 492 4403 pondera
502 4336 588 4386 molis.
615 4336 690 4388 Conl.
770 4336 796 4385 8.
817 4335 962 4387 Herculeus
975 4334 1068 4400 hospes
1082 4341 1122 4384 est
1136 4333 1250 4396 Ciuton,
1271 4330 1307 4397 qui

94 4396 153 4466 Ἠ,
175 4402 238 4455 itt.
735 4405 883 4470 Herculem,
909 4421 942 4456 ex
961 4404 1082 4470 IIispania
1101 4405 1252 4454 redeuntem
1269 4403 1310 4452 iro·
