2864 4890
544 130 650 186 ovinll
667 129 975 186 mimonrflosus

250 284 348 353 Nuda
370 310 474 373 genu,
497 299 619 353 vestem
642 285 707 350 ritu
728 284 891 350 succincta
911 282 1053 368 Dionae,

249 369 472 456 Hortaturqne
493 394 603 453 canes,
626 384 775 455 tutaeque
796 369 950 435 animalia
972 371 1121 458 praedae,

249 460 318 521 Aut
339 479 459 543 pronos
483 457 629 543 lepores,
652 470 707 518 aut
729 455 850 519 celsum
873 453 909 519 in
930 478 1052 520 cornua
1074 481 1222 541 cervum,

250 542 320 606 Aut
341 542 442 627 agitat
464 541 592 620 damas;
615 563 633 603 a
654 539 794 604 fortibus
817 538 954 604 abstinet
976 541 1075 626 apris,

248 623 469 712 Raptoresque
490 627 584 712 lupos
605 639 809 709 armatosque
829 623 992 708 unguibus
1014 648 1108 692 ursos

249 708 340 775 Vitat
362 724 392 775 et
413 708 551 774 armenti
572 723 730 773 saturatos
752 708 847 773 caede
868 709 990 774 leones.

249 793 302 860 Te
324 818 460 880 quoque,
485 810 521 858 ut
542 796 600 859 hos
621 793 745 875 timeas,
763 829 778 844 ·
799 793 828 856 si
843 792 918 892 quid
934 793 1087 880 prodesse
1101 794 1265 861 monendo

247 878 361 944 Posset
382 916 397 930 -
419 879 542 959 Adoni,
564 893 687 959 monet,
708 876 939 963 ‚„,l⁴'ortrsque
957 877 1128 964 fugacibus
1151 884 1266 946 esto=“

247 962 358 1048 lnquit
378 963 440 1046 „in
462 965 597 1028 audaces
618 986 686 1026 non
709 977 755 1027 est
776 963 908 1027 audacia
929 977 1009 1028 tuta.

247 1047 378 1130 „Parce
399 1071 471 1113 meo
483 1094 493 1130 ,
515 1047 662 1138 juvenis,
685 1047 875 1112 temerarius
896 1071 963 1111 esse
982 1047 1116 1133 periclo,

247 1131 341 1199 Neve
362 1134 466 1215 feras,
490 1133 605 1217 quibus
626 1155 715 1196 arma
736 1132 822 1197 dedit
844 1148 977 1214 namra,
1000 1132 1131 1215 lacesse,

248 1215 318 1283 Stet
337 1217 396 1282 tibi
416 1242 456 1282 ne
478 1240 596 1304 magno
618 1231 672 1282 tua
693 1216 816 1302 gloria:
839 1240 905 1281 non
928 1232 1038 1282 movet
1058 1232 1142 1283 aetas

246 1300 318 1368 Nec
339 1301 454 1384 facies,
477 1326 537 1366 nec
558 1325 640 1386 quse
659 1300 822 1365 Venerem
841 1325 992 1384 movere,
1015 1302 1124 1367 leones

247 1383 474 1472 Setigerosque
494 1409 567 1450 sues
587 1387 761 1470 oculosque
778 1385 967 1471 animosque
985 1386 1142 1454 ferarum.

246 1469 385 1535 Fulmen
408 1472 526 1536 habent
548 1494 637 1536 acres
657 1471 691 1535 in
714 1471 847 1535 aduncis
869 1471 1017 1535 dentibus
1039 1471 1109 1559 apri
1117 1497 1127 1552 3

245 1554 388 1643 Impetus
409 1570 455 1620 est
476 1553 576 1621 fulvis
598 1569 630 1620 et
649 1572 740 1621 vasta
762 1556 911 1621 leonibus
934 1555 995 1636 ira,

244 1637 455 1724 invisumque
475 1639 557 1704 mibi
577 1663 679 1725 genus
700 1644 785 1704 est.“
829 1639 922 1724 Quae
944 1663 1058 1719 causa,
1081 1640 1212 1724 roganti
1251 1703 1253 1706 ,

244 1724 463 1808 „„Dicam,“
485 1724 529 1788 ait
551 1739 609 1807 „et
630 1725 748 1790 veteris
769 1742 952 1790 monstrum
963 1725 1123 1789 mirabere
1138 1727 1265 1813 cnlpae.

1291 633 1353 691 540

1286 1058 1346 1116 545

1287 1483 1346 1537 550

157 1930 314 1983 confirmant.
355 1927 527 1998 Dumoeaque
551 1929 626 1979 etiam
650 1928 726 1980 Goth.
764 1929 929 1998 pronianni,
943 1945 1050 1994 menses,
1065 1929 1099 1980 nl.
1118 1927 1176 1981 Vid.
1191 1931 1263 1982 adv.
1279 1932 1339 1986 552.

158 2003 186 2057 2.
207 2029 240 2042 -
277 2000 418 2050 Codlias.
438 2000 481 2063 2.,
508 1999 726 2065 lchins.etpro
769 1999 872 2050 Remcd.
886 1999 973 2051 Amor.
987 2016 1012 2051 v.
1026 1999 1088 2054 201.

156 2083 183 2122 v.
197 2072 216 2122 l.
238 2069 295 2120 Por.
310 2070 336 2121 2.
351 2069 509 2138 alienaeque.
545 2067 621 2133 Vulg.
635 2069 726 2121 dumos
838 2069 920 2121 Nunc
936 2071 1047 2136 leporem
1054 2085 1171 2136 pronum
1184 2070 1283 2122 ,catulo
1300 2087 1341 2125 ee·

155 2147 182 2194 ei
194 2157 273 2193 eura.
976 2147 1048 2191 ctare
1058 2139 1171 2206 fugaci.

192 2210 252 2261 536.
272 2209 346 2260 nuda
364 2223 446 2276 genu.
466 2206 494 2269 1,
516 2206 576 2261 132.
614 2206 726 2274 Scriptu-
767 2207 825 2257 Bes.
841 2208 867 2258 4.
882 2214 907 2257 et
920 2209 1031 2263 nonnulli
1045 2207 1131 2260 lleins.
1145 2224 1258 2275 parcos.

157 2295 211 2331 ram
223 2280 297 2331 nuda
308 2294 381 2347 genu
394 2277 513 2329 exhibent
531 2276 590 2326 Bas.
604 2277 630 2330 2.
646 2276 670 2328 3.
685 2278 723 2340 4.,
802 2276 862 2327 533.
882 2278 986 2328 domae.
1011 2277 1081 2342 Lips.
1098 2277 1129 2340 1,
1148 2277 1244 2329 Zwicc.
1259 2285 1285 2328 et
1297 2280 1338 2332 ed.
1380 2284 1385 2293 '

157 2348 308 2414 cod.llupl1.
330 2347 416 2410 liegii,
437 2346 548 2396 nonnulli
567 2345 641 2409 viv„
667 2363 729 2396 non·
770 2361 808 2411 pr.
819 2346 948 2397 dammas.
960 2377 982 2383 --
998 2346 1102 2411 Quidam
1112 2347 1341 2404 Heins.oodd.uct

158 2417 343 2476 nulliHeinsii‚
368 2416 476 2478 Dresd.,
502 2415 577 2465 Goth.
597 2416 641 2479 2.,
669 2415 726 2465 Par.
770 2429 795 2464 v.
809 2417 855 2465 sed
867 2432 890 2466 v.
906 2424 933 2467 et
939 2418 1066 2479 sortibus.
1086 2416 1181 2467 Zwicc.
1195 2424 1222 2469 ct
1231 2421 1296 2479 sort.

159 2487 199 2549 1.,
221 2484 317 2545 libem,
337 2485 409 2533 Vrat.
431 2492 456 2533 et
476 2485 516 2533 ed.
531 2501 569 2549 pr.
595 2512 626 2521 -
659 2484 728 2535 Heli·
805 2484 864 2534 543.
874 2493 974 2552 posset.
995 2485 1074 2536 llhen.
1090 2486 1239 2536 etincliores
1252 2488 1339 2541 lleins.

157 2558 198 2621 qui
217 2554 274 2604 Viv.
297 2554 370 2616 libri,
391 2553 447 2602 cod.
467 2553 581 2616 Belum,
608 2555 666 2604 Bas.
689 2555 725 2618 l.‚
765 2555 861 2621 possit.
899 2556 936 2605 De
961 2556 1105 2605 melioribus
1131 2557 1220 2619 codd,
1242 2560 1340 2622 qnando

155 2622 258 2685 lierni,
280 2621 355 2672 Goth.
371 2622 411 2683 l.‚
435 2621 512 2672 Gron.
531 2622 572 2684 1.,
594 2623 683 2672 Hmnb.
701 2624 725 2674 1.
770 2625 795 2673 h.
811 2625 828 2673 l.
843 2625 873 2673 de
887 2625 1009 2690 scriptura
1022 2626 1121 2688 agitur,
1147 2641 1219 2691 quom
1237 2627 1264 2676 in
1278 2629 1341 2679 deli-

155 2693 198 2756 2,
219 2692 273 2742 Pal.
285 2693 311 2746 2.
326 2707 370 2756 pro
382 2706 407 2740 v.
422 2691 458 2752 l.‚
478 2689 542 2741 Mor.
565 2691 589 2741 1.
602 2728 608 2754 ,
629 2691 691 2741 Urb.
711 2709 726 2743 a
769 2693 815 2742 ciis
828 2694 904 2743 hahet
917 2694 1050 2757 Heinsius,
1070 2695 1143 2744 valde
1157 2696 1252 2748 dubito.
1280 2698 1338 2749 Vid.

155 2777 274 2824 rec.m.‚
301 2760 359 2810 Vat.
382 2759 425 2820 1.,
448 2759 559 2823 twice,
587 2762 725 2827 complures
770 2769 822 2810 not.
842 2762 892 2825 vi,
912 2763 973 2814 421.
1018 2764 1160 2829 Etoptimn
1180 2772 1218 2814 est
1239 2769 1342 2831 vulgum

155 2832 243 2883 Heius.
265 2837 290 2879 et
309 2831 366 2879 edd.
387 2828 468 2878 Venn.
497 2836 522 2877 et
541 2828 623 2879 Parm.
643 2848 726 2897 usque
764 2839 871 2897 posset,·
892 2848 947 2881 nam
965 2835 1123 2897 praesentia,
1154 2850 1217 2898 quae
1236 2845 1340 2888 antece-

153 2917 236 2970 genu.
268 2899 460 2964 Lips.1.pone
470 2914 552 2965 genu.
590 2899 646 2949 Eri.
658 2918 725 2966 pene
767 2902 1343 2965 duntetsequuntursunthistorico.-Adom‘

152 2987 236 3038 genu.
262 2969 348 3030 riou,
376 2967 467 3018 Medic.
493 2967 532 3033 1.,
560 2966 614 3020 Pal.
639 2970 662 3020 l.
684 2972 722 3033 2.,
766 2979 1034 3036 postremocorrepta‚
1056 2973 1120 3022 utin
1139 2975 1238 3024 nomine
1260 2975 1342 3027 Grae-

154 3039 213 3090 Pu.
233 3040 259 3095 2.
283 3046 307 3089 et
325 3037 420 3088 rwisu.
443 3035 468 3086 1.
480 3037 539 3100 fine
555 3054 637 3104 genu.
673 3040 723 3090 Ain
766 3055 806 3089 ω.
827 3039 865 3089 cr.
884 3056 910 3090 v.
926 3040 986 3091 css.
1007 3040 1082 3106 xm,
1107 3041 1149 3094 14.
1171 3069 1204 3082 -
1225 3031 1339 3115 iuges.

152 3111 236 3160 aliter.
286 3108 404 3158 Codicum
435 3108 570 3156 auctoritas
594 3108 722 3160 vindicare
766 3109 814 3159 bus
825 3126 870 3174 pro
883 3110 909 3159 in
917 3112 1047 3177 fugaces.
1067 3109 1119 3174 xi,
1140 3111 1201 3165 753.

152 3179 409 3243 videturscripturnm
422 3179 722 3244 usquegenu3eutiqui-
801 3197 860 3246 544,
880 3205 1104 3249 nonest-tum,
1142 3196 1217 3249 conf,
1235 3201 1257 3251 Η
1283 3204 1315 3254 53

150 3248 287 3299 intisratio
307 3253 333 3296 et
351 3247 503 3296 censuctudo
523 3246 629 3297 Nasonis
647 3250 722 3299 nuda
800 3265 1142 3332 545,par02‚n015,xv,
1164 3268 1207 3318 75,
1260 3239 1267 3266 ’
1320 3241 1326 3255 .

150 3335 720 3451 Ν
762 3350 1334 3495 nbstrenuissimi:

330 3524 336 3537 .
691 3526 698 3540 .
762 3517 795 3527 -
812 3489 874 3539 Vnr.
889 3492 949 3541 lect.
964 3494 1028 3558 apud
1046 3492 1103 3543 Viv.
1124 3499 1149 3542 ct
1169 3495 1228 3544 cdd.
1251 3497 1334 3548 Venn.

226 3523 366 3586 'senam’
386 3524 544 3590 dematque
557 3541 656 3576 ⁶⁰m⁰m
668 3528 720 3590 ἄψ
761 3566 813 3610 sict
836 3560 894 3611 titi.
938 3561 1054 3612 Heinsius
1078 3563 1154 3615 tacite
1179 3565 1259 3616 edidit
1283 3575 1335 3619 elei

219 3663 303 3716 m
320 3593 622 3731 31114314
758 3629 1333 3771 1111111111111

357 3737 533 3799 “afluenm'
759 3783 788 3817 rc
800 3776 852 3819 stet
863 3769 919 3819 tibi.
958 3769 1005 3834 Qui
1018 3785 1077 3820 vere
1090 3777 1172 3832 amat,
1192 3773 1266 3824 unice
1281 3777 1333 3824 soi-

149 3822 222 3872 eut.
245 3822 319 3872 etiam
339 3821 441 3872 Melam·
456 3820 481 3882 1,
503 3819 563 3871 595·
584 3818 633 3880 llls
656 3817 714 3868 156·
759 3838 842 3886 licitus
860 3844 900 3887 est
918 3839 949 3887 de
971 3839 1052 3888 salute
1070 3841 1162 3903 amnti,
1182 3856 1211 3892 oc
1233 3845 1264 3894 de
1284 3860 1330 3895 suo

147 3890 210 3951 Vll,
231 3892 274 3941 35.
289 3919 317 3927 -
339 3891 430 3941 Formo
442 3890 543 3955 antiqua
554 3905 640 3958 genus
653 3890 717 3956 apud

32 3996 41 4013 .
147 3957 272 4009 Nasonem
286 3974 334 4007 non
348 3961 481 4026 reperitur.

183 4041 243 4093 537.
262 4043 535 4112 hortaturqueoanes.
551 4046 592 4096 Gi,
602 4045 715 4108 liniti.

147 4137 182 4150 -
194 4112 254 4162 Bas.
263 4113 289 4162 3.
303 4128 346 4177 pro
359 4129 385 4162 v.
396 4116 413 4164 Ι.
428 4117 556 4186 citaeque.
567 4142 598 4152 -
613 4116 717 4166 unima-

146 4181 184 4233 le‘a
197 4190 272 4234 tutae
280 4183 399 4248 praedae
417 4191 484 4246 sunt,
505 4200 568 4249 quae
582 4185 635 4235 sine
648 4186 715 4251 peri-

147 4252 203 4300 culo
218 4251 358 4316 capiuntur.

181 4336 241 4385 538.
268 4337 295 4386 in
319 4352 436 4403 cornua,
468 4337 532 4402 quod
556 4338 587 4386 ud
611 4354 715 4391 cornua.

147 4404 221 4455 Conl.
238 4405 260 4468 1,
287 4405 423 4469 723111,
450 4406 559 4458 753.-
584 4409 666 4472 proni
681 4411 716 4458 ie-

141 4490 222 4542 poree
251 4482 310 4527 sunt
339 4477 461 4528 velociter
484 4482 624 4527 currentes.
674 4478 716 4528 Sic

758 3908 868 3972 periculo
878 3910 931 3971 jam
944 3908 1007 3958 dixit
1019 3924 1044 3957 v.
1059 3910 1119 3958 545.

795 3994 855 4044 548.
874 4011 921 4045 nec
938 4012 1007 4061 quae
1019 4013 1163 4046 -monere⁸
1208 3996 1333 4052 Venerem

760 4079 824 4112 nnnc
837 4064 891 4128 ipsa
904 4065 934 4113 de
948 4081 974 4114 se
988 4066 1049 4114 dicit
1061 4066 1156 4116 Venus.
1171 4065 1208 4128 ll,
1230 4069 1292 4120 518.

795 4133 855 4182 550.
882 4134 996 4197 fulmen.
1024 4135 1048 4195 Ι,
1076 4135 1136 4184 305.
1165 4135 1242 4199 Vlll,
1267 4138 1330 4189 283.

758 4200 811 4264 ΧΙ,
832 4202 893 4252 389.
913 4230 953 4240 -
985 4204 1046 4253 551.
1066 4205 1124 4254 Bas.
1140 4205 1166 4254 3.
1185 4208 1330 4275 variisque.

794 4271 855 4321 553.
874 4279 1019 4324 monstrum
1036 4274 1145 4341 eulpae,
1165 4284 1334 4328 monstrosam

759 4341 865 4406 culpam.
881 4341 916 4402 11,
938 4341 998 4392 367.
1047 4342 1084 4392 Ea
1104 4344 1294 4397 transformatio
1307 4363 1334 4396 v.

760 4409 952 4474 subsequitur.
973 4439 1007 4450 -
1033 4412 1186 4478 Scripturam
1205 4417 1339 4468 elisabete

757 4485 862 4530 tuentur
873 4480 985 4546 plerique
996 4488 1060 4532 vett.
1075 4481 1147 4546 Vir„
1172 4483 1251 4537 Goth.
1269 4486 1297 4542 2.
1312 4494 1338 4539 ot
