2864 4890
593 181 694 234 Llllllil
712 181 781 234 vill.
1201 179 1283 237 303

179 335 346 423 Corporis,
370 358 390 400 o
410 332 558 424 juvenes,
581 359 717 399 numero
738 333 828 399 finita
849 350 998 422 potestas.

177 420 265 486 Nam
288 421 402 501 modo,
425 419 480 505 qui
507 443 595 485 nuuc
622 444 711 501 sum,
744 421 877 500 videor,
907 422 1005 486 modo
1029 422 1143 486 flector
1164 422 1199 487 in

717 527 868 589 anguem,

178 589 329 653 Armeuti
351 590 448 653 modo
472 589 541 653 dux
562 587 649 653 vires
670 587 706 652 in
728 612 848 653 cornua
872 611 984 669 sumo3
1012 624 1051 640 -·
1221 601 1281 654 885

181 671 323 754 Cornua,
348 675 424 737 dum
448 673 560 760 potuis
582 698 669 737 nunc
692 696 766 758 pars
788 689 875 737 earet
893 673 992 737 altera
1016 675 1080 738 telo

178 757 321 841 Frontis,
342 774 378 823 ut
398 758 468 846 ipse
488 757 620 823 vides.“
665 757 811 823 Gemitus
830 772 905 820 suut
924 759 1025 822 verba
1045 759 1159 824 secuti.

92 946 131 1007 2,,
146 944 215 1010 Lips.
231 942 255 994 1.
269 945 308 1006 2.,
322 943 410 1006 Vtut,
425 942 520 993 Zuiee.
535 950 561 994 et
572 943 613 993 ed.
628 958 667 1008 pr.
710 943 759 994 situ
778 948 819 992 est
836 942 861 991 iu
885 942 976 1009 plurali
1001 959 1102 995 numero
1122 960 1231 998 somna.
1250 972 1284 986 -

92 1015 211 1066 novandi
221 1021 268 1065 est.
296 1014 412 1063 Heinsius
424 1020 502 1062 tuest.
711 1012 827 1063 Ceterum
841 1013 921 1063 altero
940 1029 1017 1063 cornu
1036 1015 1104 1064 fluvii
1117 1016 1178 1066 deus
1190 1016 1283 1082 spolia-

128 1083 189 1135 883.
208 1084 361 1146 ojuveues.
398 1082 525 1147 Theseus,
545 1079 625 1131 Lelex
643 1086 670 1130 et
710 1089 750 1132 tus
762 1081 788 1130 in
801 1083 936 1133 certamine
949 1097 1005 1132 eum
1023 1082 1148 1148 Hercule,
1167 1088 1231 1136 utin
1244 1101 1285 1135 se-

94 1154 183 1204 ceteri.
208 1152 267 1204 vit.
287 1168 313 1202 v.
329 1152 389 1206 728.
405 1182 435 1191 —
462 1151 685 1214 numerofim'to‚.
710 1152 795 1218 quenti
806 1151 871 1201 libro
884 1152 983 1218 copiose
1003 1160 1129 1204 narratur.
1147 1182 1180 1194 -
1217 1155 1285 1204 Seri·

93 1223 406 1288 quiaiuteuiumtuutum
422 1228 565 1285 stangnum
577 1219 668 1270 mutari
710 1229 806 1287 pteram
839 1221 901 1273 dum
921 1222 1001 1288 potui
1024 1230 1124 1288 praeter
1149 1223 1285 1274 bonitatem

91 1299 199 1359 poteiut.
710 1306 799 1342 seusus
812 1291 959 1341 confirmant
970 1292 1076 1356 Arond„
1090 1293 1186 1356 uerat,
1201 1293 1282 1357 Flos,

129 1361 190 1412 884.
203 1359 668 1428 flector,mutor,seditu,utrespi-
710 1360 854 1423 exulum,
874 1360 966 1411 Medis.
985 1361 1030 1424 2.,
1058 1362 1153 1429 Neep„
1182 1363 1290 1425 Paul,

93 1431 145 1481 siut
158 1438 270 1480 uetulum
283 1430 415 1495 serpentis.
442 1428 475 1491 ll,
492 1428 585 1479 138-
603 1427 666 1478 Cod.
709 1432 736 1486 2.
751 1437 776 1479 et
789 1428 822 1480 lV
835 1430 877 1479 atii
892 1431 1130 1485 Heius-Medic.
1145 1434 1171 1485 3.
1185 1441 1212 1484 et
1222 1432 1282 1484 Vat.

92 1496 664 1562 Beusm.,Berol.,Erl.l.,Grou.l.,llhen.‚
709 1501 813 1554 2.dom
828 1500 910 1567 gessi.
948 1498 1045 1567 Reliqui
1063 1519 1118 1553 eum
1135 1509 1198 1553 vett.
1224 1504 1283 1553 edd.

92 1569 182 1633 Vise,
203 1568 225 1619 ll
246 1568 332 1617 lleins.
354 1574 379 1617 et
398 1569 438 1617 etl.
452 1583 491 1633 pu.
511 1568 581 1634 quod
597 1583 668 1618 nune
710 1571 771 1620 dum
784 1570 879 1631 semsi,
898 1570 961 1634 quod
975 1579 1069 1622 rectum
1088 1573 1169 1622 videri
1187 1579 1282 1638 posset,

92 1655 166 1700 sum,
194 1639 258 1704 quod
276 1638 329 1687 sine
349 1651 425 1687 eausa
442 1637 519 1686 edidit
539 1637 665 1687 Heinsius.
708 1640 730 1690 si
744 1654 842 1688 eomua
855 1655 929 1690 sumo
947 1645 972 1688 et
985 1655 1033 1690 nou
1051 1642 1120 1693 vires
1138 1642 1166 1694 in
1183 1659 1285 1694 comus

128 1709 189 1758 885.
209 1708 323 1758 emeriti
340 1708 408 1769 dus,
429 1713 526 1757 taurus.
547 1735 579 1746 -
600 1708 666 1757 vires
707 1725 781 1761 sumo
794 1708 982 1759 antecessisset.

93 1777 232 1828 insumus
250 1777 355 1828 semei.
372 1777 511 1839 eoolligo.
544 1775 616 1839 Virg.
632 1775 663 1827 G.
741 1777 802 1828 887.
820 1778 1208 1846 ςενηῐεαεειιηΐυονῠαεωιιτί.
1237 1781 1283 1832 lllu

93 1847 139 1908 lll,
153 1848 214 1901 232.
240 1847 325 1898 irasci
333 1847 361 1897 in
374 1863 483 1909 eonius,
498 1845 663 1911 ibiqueVoss.
707 1848 786 1898 verba
799 1848 944 1897 selei-untur
961 1848 992 1897 ud
1005 1864 1118 1912 maguam
1131 1858 1226 1916 purtem
1245 1852 1284 1901 iu-

92 1924 117 1966 et
130 1916 473 1982 Wagner.Eui·ipid.Bueeh.
483 1916 542 1969 742.
569 1917 665 1984 ταῦροι
706 1917 833 1982 sequentis
846 1917 913 1966 libri.
941 1916 1024 1981 Quare
1043 1919 1237 1970 lleinsiusuele
1251 1937 1284 1971 ex

92 1983 117 2037 δ’
150 1982 272 2054 ὑβρισταὶ
296 1989 352 2043 κείς
374 1988 455 2053 κέρας
479 1979 665 2052 θυμούμενοι.
707 2002 757 2034 uno
770 1984 870 2035 Zulielt.
883 1985 988 2036 delicias
1000 2003 1059 2037 suas
1077 2006 1140 2040 suo
1152 1991 1231 2040 uerbo
1244 1991 1282 2040 lo·

89 2055 192 2106 Bacis.
214 2081 247 2093 -
289 2054 350 2103 886.
369 2069 469 2103 comus
493 2053 556 2102 dum
576 2052 665 2117 potui,
709 2069 738 2102 eo
757 2061 821 2104 suot
844 2055 924 2104 uerba
942 2056 1025 2107 secuti
1048 2057 1191 2121 substituit,
1217 2061 1283 2123 quod

91 2125 157 2189 quod
170 2130 208 2174 est
225 2123 254 2173 in
267 2139 365 2172 cornua
383 2123 445 2171 dum
460 2120 549 2187 potui,
568 2135 604 2168 se.
624 2135 667 2167 su·
709 2122 784 2170 etiam
796 2129 898 2186 propter
914 2123 1030 2173 omissum
1047 2127 1149 2176 verbum
1162 2136 1226 2179 suut
1244 2124 1285 2178 oiss

87 2210 176 2255 mere,
196 2194 253 2240 dum
268 2207 367 2240 cornua
379 2189 469 2251 habui,
487 2195 513 2237 et
526 2203 573 2236 uon
586 2203 669 2237 unum
711 2190 806 2251 feudit,
827 2191 858 2239 (le
873 2191 1014 2242 testimonio
1032 2200 1144 2244 veterum
1163 2196 1283 2247 librorum

88 2271 200 2316 tautum
213 2275 310 2322 cornu,
324 2266 352 2308 ut
364 2273 438 2308 nune.
475 2255 520 2306 Vis
534 2256 613 2305 omnis
625 2272 670 2324 po·
710 2274 741 2307 ue
755 2259 860 2310 {lie-atur.
