2864 4890
134 160 184 217 llll
564 160 903 219 vesterario.

138 316 205 383 sint
232 315 372 383 habendi
400 316 533 383 difficile
560 331 607 383 est
632 316 796 406 judicare,
823 340 942 402 quum,
971 331 1008 383 ut
1033 316 1070 382 iu
1094 316 1208 383 Praei.
1237 316 1325 384 Tri-

139 419 237 484 stinm
258 419 378 485 illustri
399 418 597 485 ostendimus
612 421 782 507 exemplo,
805 442 857 484 res
880 435 911 484 et
932 443 990 507 per
1012 443 1046 484 se
1068 421 1166 486 valde
1187 420 1325 485 obscura

139 534 172 586 et
190 520 228 598 in
248 535 338 586 tanto
359 521 550 609 praesertim
566 522 708 586 carmine
730 521 870 605 ingentis
891 521 934 585 sit
954 521 1094 604 laboris,
1118 538 1149 587 et
1169 521 1324 609 permulti

139 622 265 688 codices
286 647 403 711 parum
428 638 576 688 accurate
597 622 741 710 excerpti
763 623 844 704 sint,
867 637 903 687 ut
924 623 964 687 de
983 648 1097 689 eorum
1115 623 1219 711 pretio
1240 623 1324 688 nihil

141 723 222 789 certi
243 724 340 789 statui
367 724 477 812 possit.
521 724 591 790 Nec
612 725 678 792 viri
700 724 749 789 illi
771 725 832 811 ipsi
861 724 1022 789 librorum
1050 750 1184 791 suorum
1211 741 1324 790 aucto·

140 826 270 893 ritatem
292 825 479 912 diligentius
501 827 741 892 examinarunt.
786 826 887 909 Quid,
912 828 997 911 quod
1019 827 1186 909 Heinsius,
1207 840 1246 892 ut
1266 850 1323 890 su·

138 952 198 1018 pra
226 926 295 1019 jam
323 928 486 1010 diximus,
520 953 587 994 uon
621 930 723 993 semel
745 929 875 994 eosdem
902 928 1027 994 codices
1054 954 1141 994 nunc
1171 927 1323 994 meliores

138 1029 316 1119 appellavit
355 1053 435 1114 quos
473 1030 553 1094 alibi
590 1030 788 1095 deteriorum
823 1030 916 1118 gregi
952 1031 1191 1097 annumeravit.
1248 1028 1322 1096 Sci-

138 1132 230 1215 licet,
252 1147 290 1197 ut
310 1131 516 1197 animavertit
536 1130 641 1213 Jahn,
664 1134 749 1196 haud
768 1156 835 1197 uno
857 1133 930 1198 loco
955 1132 1019 1198 visi
1047 1149 1123 1198 sunt
1150 1133 1179 1198 ei
1205 1133 1322 1198 melio·

137 1257 211 1316 res,
234 1233 290 1318 qui
312 1232 456 1297 maxime
477 1233 517 1297 ad
540 1258 611 1298 rem
637 1257 730 1298 suam
757 1234 866 1299 facere
890 1234 1091 1301 viderentur.
1134 1233 1173 1300 lu
1195 1233 1324 1321 optimis

137 1332 266 1402 Heiusii
291 1335 484 1399 numerandi
510 1334 663 1401 videntur
690 1335 899 1401 Florentinus
926 1333 975 1402 St.
998 1335 1121 1418 Marci,
1152 1339 1191 1401 ab
1220 1336 1324 1402 Hein-
1393 1326 1397 1333 ¹

138 1438 188 1505 sio
211 1439 280 1503 fere
302 1437 492 1525 plerumque
511 1438 702 1526 simpliciter
723 1437 815 1503 Flor.
843 1438 964 1519 dictus,
994 1462 1091 1522 quem
1117 1438 1202 1503 haud
1226 1437 1323 1502 dubie

105 1624 108 1629 .
140 1540 239 1606 etiam
260 1537 422 1605 Vivianus
443 1539 479 1604 iu
495 1540 634 1605 editione
651 1538 785 1607 Iuntina
808 1540 1142 1605 a.1522adornauda
1164 1539 1323 1621 adhibuit,

138 1642 339 1723 Politianus,
364 1665 460 1727 quem
481 1642 570 1707 idem
598 1641 759 1708 Vivianus
788 1641 986 1729 excerpsisse
1013 1642 1160 1724 videtur,
1189 1641 1323 1729 Neapo-

138 1745 277 1826 litanus,
309 1743 364 1828 qui
401 1758 508 1808 tamen
535 1745 646 1809 multis
681 1768 807 1830 quoque
835 1744 914 1809 locis
949 1743 1087 1832 turpiter
1112 1744 1323 1832 interpolatus

138 1863 205 1929 est,
232 1844 489 1930 Hamburgensis
521 1846 570 1929 1.,
599 1847 672 1912 Pal.
700 1848 731 1912 1.
754 1849 806 1928 2.,
834 1845 912 1910 Par.
934 1847 988 1928 2.,
1018 1845 1095 1912 Vat.
1123 1847 1175 1929 1.,
1207 1846 1324 1911 Medic.

138 1950 171 2014 1.
200 1951 253 2029 2,
281 1948 535 2013 Arondelianus.
585 1948 724 2013 Pessimi
752 1948 899 2014 omnium
926 1964 1001 2015 sunt
1028 1947 1125 2031 Iun„
1156 1947 1322 2029 Leidens„

136 2050 223 2115 Lov.
253 2065 284 2115 et
312 2049 398 2114 Mor.
447 2048 528 2117 Julii
556 2047 685 2114 Giofani
714 2051 857 2132 codices,
888 2065 1044 2136 quantum
1073 2049 1202 2135 quidem
1229 2050 1324 2114 nobis

138 2152 178 2218 de
196 2151 237 2217 iis
257 2149 415 2241 judicium
437 2167 501 2234 est,
524 2152 608 2216 nulli
628 2152 790 2241 imprimis
813 2169 976 2241 praestare
994 2152 1160 2233 videntur,
1183 2151 1218 2215 in
1239 2174 1321 2238 pau·

137 2254 183 2320 cis
210 2269 319 2320 tamen
347 2252 540 2319 Medeiauus
569 2269 600 2319 et
627 2252 852 2322 Sulmonensis
877 2257 1001 2344 primus
1042 2253 1321 2319 commendantur.

136 2354 223 2423 Satis
245 2356 350 2420 bonus
373 2371 421 2420 est
440 2380 566 2441 quoque
589 2357 629 2420 de
650 2355 935 2438 Bersmannianis‚
967 2380 1063 2442 quem
1084 2353 1184 2423 Jahni
1206 2378 1321 2419 exem·

132 2460 193 2546 ¹plo
214 2460 279 2520 cod.
299 2460 416 2518 Bersm.
442 2457 624 2522 citavimus.
668 2457 695 2522 Ε
718 2458 882 2523 codicibus
905 2480 984 2542 quos
1006 2471 1117 2519 nostra
1143 2471 1244 2520 aetate
1266 2478 1322 2518 ac·

137 2558 280 2624 curatius
302 2557 436 2620 collatos
458 2580 526 2622 esse
545 2557 705 2639 diximus,
729 2559 843 2647 optimi
864 2558 1018 2623 videntur
1038 2554 1129 2642 Lips.
1153 2556 1199 2637 1.,
1224 2555 1322 2622 Goth.

136 2663 170 2727 2.
193 2674 224 2726 et
245 2658 497 2740 Rhenovianus,
526 2681 587 2722 nec
614 2661 865 2725 contemnendus
895 2667 943 2723 est
968 2656 1174 2722 Dresdeusis.
1217 2657 1322 2723 Mirus

136 2761 219 2828 mihi
239 2761 329 2826 visus
352 2776 398 2825 est
419 2759 640 2825 Berolinensis
662 2775 698 2825 ut
719 2761 775 2845 qui
796 2760 831 2826 iu
850 2760 962 2826 multis
984 2785 1058 2825 cum
1080 2759 1209 2848 optimis
1235 2759 1322 2825 et-in

136 2864 270 2932 totidem
292 2862 364 2927 aliis
384 2863 465 2929 locis
487 2886 561 2927 cum
577 2861 721 2926 omnium
744 2863 888 2950 pessimis
911 2863 1099 2929 consentiat.
1143 2860 1321 2948 Lipsiensis

136 2968 168 3032 1.
191 2982 223 3031 et
242 2964 336 3029 Vrat.
359 2966 390 3030 1.
412 2965 458 3029 ita
478 2964 599 3029 similes
622 2980 697 3030 sunt
724 2964 761 3029 in
789 2966 957 3048 omnibus,
987 2980 1023 3030 ut
1050 2988 1095 3028 ex
1122 2965 1235 3029 eodem
1263 2964 1321 3028 de·

136 3068 272 3156 scriptos
303 3090 370 3132 esse
393 3068 544 3154 exemplo
572 3066 680 3133 ubivis
709 3085 878 3156 appareat,
902 3068 965 3134 uisi
987 3067 1072 3153 quod
1094 3064 1188 3132 Vrat.
1211 3065 1320 3131 minus

135 3186 283 3239 accurate
306 3185 478 3257 excerptus
501 3183 548 3234 est
569 3193 667 3255 quam
687 3169 877 3259 Lipsiensis.

218 3273 272 3338 Ad
295 3273 382 3336 hunc
411 3270 511 3357 igitur
537 3289 727 3359 apparatum
753 3274 952 3342 variantium
981 3270 1217 3358 scripturarum
1246 3284 1321 3334 tex·

135 3390 207 3442 tum
227 3374 533 3462 Metamorphoseou
554 3375 726 3460 diligenter
748 3377 844 3463 exegi
866 3391 960 3461 atque
989 3370 1178 3439 examinavi
1206 3385 1237 3435 et
1258 3371 1321 3434 hu·
1386 3392 1394 3403 ‘

133 3476 186 3569 jus
204 3499 265 3564 ope
288 3473 458 3564 conjuncta
481 3501 554 3541 cum
575 3476 727 3543 diuturno
749 3477 889 3544 Nasonis
911 3477 1016 3542 studio
1044 3474 1182 3539 fideliter
1210 3473 1322 3538 elabo-

134 3578 226 3661 ravi,
251 3593 287 3644 ut
305 3578 448 3641 carmina
471 3579 550 3643 haec
572 3585 669 3664 quam
695 3580 861 3646 simillima
889 3579 940 3646 sui
968 3579 1181 3643 redderentur
1210 3574 1322 3663 pristi-

125 3679 360 3767 noque-nitori
382 3679 639 3747 restituerentur.
682 3681 722 3747 ln
750 3681 987 3748 commentariis
1017 3678 1135 3745 criticis
1157 3701 1239 3764 quae
1259 3699 1323 3744 vo·

135 3798 252 3849 cantur
288 3799 417 3870 praeter
451 3798 633 3849 accuratam
667 3785 908 3851 annotationem
929 3783 1108 3850 variarum·
1132 3780 1320 3859 lectionum,

136 3907 218 3972 quae
245 3885 375 3969 quidem
404 3884 444 3947 ad
474 3885 619 3950 criticam
647 3887 784 3979 alicujus
814 3886 975 3952 commodi
1011 3909 1078 3950 esse
1106 3897 1252 3971 possent,
1282 3881 1322 3946 de

135 4002 201 4054 tota
223 4001 333 4050 nostra
356 4008 453 4071 opera
475 4002 584 4054 textus
603 3990 795 4054 emendandi
810 3991 945 4054 reddere
966 3987 1127 4052 rationem
1141 3999 1321 4071 receptam-

134 4113 197 4175 que
219 4086 415 4175 scripturam
430 4104 542 4155 contra
563 4091 789 4157 insectationes
812 4107 844 4156 et
864 4092 1033 4179 'scrupulos
1054 4089 1095 4153 ab
1117 4087 1188 4152 aliis
1210 4110 1322 4172 gram-

135 4189 259 4257 maticis
281 4203 385 4253 motos
407 4205 463 4255 aut
483 4193 660 4258 movendos
683 4209 714 4258 et
735 4209 846 4259 contra
873 4193 1072 4259 variantium
1099 4188 1324 4255 auctoritatem

135 4293 276 4359 aliorum
297 4291 464 4375 codicum,
496 4316 593 4378 quam
622 4319 700 4379 quos
723 4321 783 4384 ego
812 4310 939 4362 secutus
961 4318 1050 4376 sum,
1079 4294 1252 4358 defendere
1273 4305 1324 4355 at·

134 4418 196 4481 que
218 4396 410 4460 confirmare
433 4394 594 4463 contendi.
638 4395 677 4461 ln
700 4422 762 4484 qua
785 4397 892 4488 operis
913 4413 1004 4487 parte
1024 4398 1087 4463 hoc
1108 4419 1128 4462 a
1149 4393 1322 4461 lectoribus

606 4602 642 4661 0
