2864 4890
113 145 199 200 xxm
467 149 791 209 llll'l'AldOlll’llOSEON
824 147 953 203 subtus,

117 321 153 364 se
173 304 336 369 convertit
349 319 392 370 ·et
405 301 585 392 Europam,
611 301 775 392 Agenoris
796 301 911 384 liliam,
932 324 991 390 per
1013 323 1104 369 mare
1124 299 1161 367 iu
1176 295 1310 369 cretam

117 401 265 470 abduxit.

121 609 125 619 ,
202 553 279 621 Lib.
310 554 371 623 lll.
420 554 539 622 Filiam
561 558 711 623 amissam
737 557 875 643 Agenor
896 552 1057 621 Cadmum
1081 554 1186 622 hlium
1213 580 1311 623 suum

117 651 211 743 jussit
236 656 448 746 investigare;
484 684 580 746 quam
608 685 683 725 cum
703 649 766 722 ille
792 681 861 724 non
888 656 1079 745 reperisset,
1109 657 1145 722 in
1174 656 1311 727 Boeotia

119 758 277 842 considit,
313 761 370 825 ubi
395 761 504 827 dentes
522 764 563 827 ab
592 763 663 850 ipse
684 760 782 827 occisi
806 757 917 847 magni
937 757 1086 823 draconis
1106 757 1142 824 in
1163 760 1311 828 homines

118 876 259 925 armatos
287 863 436 930 conversi
457 879 550 948 sunt,
579 888 718 950 quorum
740 863 804 928 duo
832 886 908 927 eum
931 859 967 925 in
988 859 1163 928 condendis
1185 861 1311 929 Thebis

119 951 332 1050 adjuverunt,
355 965 413 1030 uhi
433 990 572 1054 regnum
594 967 709 1032 deinde
736 963 850 1031 tenuit.
893 959 1009 1047 Neque
1038 963 1079 1028 ab
1109 965 1200 1030 omni
1217 981 1311 1054 perte

120 1058 261 1129 Cadmus
281 1065 366 1132 felix
388 1067 470 1134 snit:
502 1092 578 1133 nam
600 1068 743 1156 primum
772 1064 954 1154 deploravit
973 1063 1191 1132 miserrimam
1216 1092 1309 1133 mor·

119 1178 185 1229 tem
205 1166 379 1233 Actaeonis
403 1170 546 1256 nepotis,
569 1169 604 1234 in
626 1193 760 1236 cervum
779 1167 911 1248 mutati3
934 1189 997 1252 qua
1023 1189 1059 1230 re
1080 1181 1189 1233 tamen
1208 1166 1309 1253 June,

119 1280 218 1332 totam
239 1270 402 1355 Agenoris
425 1272 698 1355 domum‘exosa,
735 1272 849 1336 laetata
879 1285 927 1334 est
952 1268 993 1332 ob
1024 1267 1192 1355 Europam
1212 1271 1309 1358 pelli·

121 1391 212 1451 oem3
232 1371 272 1436 ad
294 1396 390 1456 quem
419 1375 565 1439 dolorem
597 1397 702 1440 novus
730 1372 879 1453 accessit,
907 1394 982 1435 cum
1009 1366 1153 1452 Semele,
1189 1369 1309 1438 Cadmi

118 1492 231 1554 soror,
255 1474 295 1537 ab
316 1471 398 1541 Jove
420 1477 627 1563 concepisset.
676 1472 764 1544 Nam
784 1472 871 1542 Juno
895 1487 1000 1536 sumta
1022 1470 1143 1538 Berob‘s
1165 1474 1306 1541 nutricis

118 1572 224 1658 ligura
245 1599 315 1640 eam
338 1576 433 1659 adiit,
467 1579 604 1663 doloque
632 1578 754 1661 effecit,
784 1592 820 1641 ut
848 1575 906 1640 illa
930 1572 1022 1642 lovis
1052 1575 1191 1641 fulmine
1218 1600 1309 1642 com-

120 1674 310 1760 bureretur,
332 1677 458 1744 infante
479 1696 604 1761 tamen,
628 1704 692 1766 quo
714 1704 758 1745 ex
781 1677 864 1747 Jove
886 1675 1023 1764 gravida
1045 1691 1115 1741 erat
1138 1675 1309 1766 (bacchus

121 1775 226 1864 erat),
249 1795 390 1847 servato.
434 1781 503 1866 Qui
526 1783 604 1848 dum
624 1781 660 1847 in
674 1780 775 1847 'ludia
796 1805 815 1846 a
834 1778 989 1870 nymphis
1011 1776 1184 1862 educatur,
1213 1778 1309 1868 Jupi-

119 1893 169 1943 ter
190 1880 275 1947 forte
297 1906 371 1947 cum
395 1881 524 1950 lunone
553 1885 649 1949 dere
676 1885 814 1969 quadam
842 1881 952 1972 jocosa
983 1880 1142 1946 altercans
1173 1880 1307 1948 There-

118 1981 200 2047 siam
224 1983 437 2065 Thebanum,
466 1986 521 2071 qui
543 1987 622 2053 olim
644 2010 661 2051 c
682 1986 804 2053 femina
825 1985 861 2049 in
882 2005 1007 2048 marem
1029 2006 1205 2050 conversus
1227 2001 1309 2069 erat,

118 2083 279 2150 arbitrum
300 2086 439 2152 adhibet.
477 2086 508 2153 ls
530 2089 595 2156 lata
618 2103 730 2154 contra
750 2086 914 2156 lunonem
935 2083 1093 2149 sententia
1114 2086 1155 2151 ab
1177 2109 1214 2152 ea
1233 2087 1309 2152 visu

117 2185 283 2273 privetur,
306 2189 361 2254 scd
384 2213 402 2254 a
425 2188 508 2258 Jove
527 2191 728 2259 vaticinandi
754 2205 824 2256 arte
854 2189 1004 2253 donatur.
1055 2186 1206 2254 Primum
1239 2187 1309 2279 ejus

118 2287 311 2356 vaticinium
332 2291 367 2356 in
387 2289 541 2358 Narcisso
562 2296 752 2383 probatum,
781 2291 837 2378 qui
865 2314 940 2355 cum
960 2288 1085 2375 puellas
1114 2313 1243 2374 omnes,
1272 2291 1309 2356 iu

119 2390 235 2475 quibus
257 2390 369 2471 Echo,
400 2417 481 2479 quae
501 2396 651 2483 repulsae
672 2392 872 2482 impatientia
899 2392 935 2456 in
955 2414 1071 2457 vocem
1100 2391 1207 2458 fuerat
1229 2417 1309 2458 con·

118 2494 232 2573 ve'rsa,
254 2496 494 2578 contemsisset,
522 2497 575 2561 sui
596 2497 727 2562 tandem
747 2493 847 2582 ipsius
869 2516 981 2558 amore
1002 2492 1186 2576 contabuit,
1212 2510 1309 2579 atque

63 2657 64 2662 ,
117 2588 154 2656 in
175 2594 290 2658 florem
311 2595 363 2659 sni
384 2596 525 2663 nominis
547 2612 688 2664 mutatus
709 2611 768 2662 est.
803 2595 968 2662 Pentheus
988 2609 1107 2677 temen,
1131 2618 1193 2659 rex
1214 2595 1332 2661 The·.

119 2694 299 2778 banorum,
328 2712 437 2763 vatem
457 2701 646 2786 spernebat,
678 2699 754 2765 licet
783 2713 814 2764 et
839 2698 902 2785 ipsi
931 2720 989 2763 sua
1020 2697 1088 2762 fata
1115 2695 1320 2764 vaticinatur·

120 2811 219 2879 esset,
242 2799 327 2884 quod
350 2800 543 2866 vaticinium
570 2801 797 2867 itidem=m0x
824 2798 945 2866 evenit.
996 2795 1084 2864 Nam
1115 2821 1188 2863 cum
1216 2799 1308 2885 orgia

118 2898 387 2984 celebrarentur,
399 2900 566 2968 Bacchum
588 2903 774 2985 contemsit,
795 2925 955 2986 eumque,
984 2924 1058 2965 cum
1079 2900 1128 2982 ei,
1150 2903 1211 2967 sub
1232 2926 1307 2997 per·

118 3021 198 3064 eona
220 3001 335 3069 famuli
360 3027 528 3070 sacrorum
548 3006 669 3089 latens,
697 3005 892 3097 Tyrrhenos
914 3018 1028 3068 nautas
1051 3001 1171 3068 abillo
1194 3004 1252 3068 deo
1273 3003 1309 3068 in

120 3101 290 3190 delphinos
312 3130 380 3172 esse
403 3108 652 3173 transformatos
675 3119 855 3187 narrasset,
873 3106 912 3171 'in
932 3106 1063 3171 vincula
1087 3103 1243 3196 conjecit:
1266 3105 1309 3170 ob

119 3205 212 3290 quod·
225 3208 351 3274 facinus
372 3209 408 3274 in
428 3225 538 3276 monte
561 3208 755 3275 Cithaerone
776 3232 795 3273 a
816 3207 954 3274 Bacchis
976 3223 1023 3273 est
1045 3206 1233 3293 discerptus.
1271 3203 1309 3270 ld

119 3309 204 3390 quod
226 3333 387 3376 summam
416 3313 501 3400 apud
529 3335 641 3379 omnes
668 3309 791 3378 Bacchi
816 3310 916 3378 saeris
949 3308 1194 3379 venerationem
1224 3330 1304 3371 con-

119 3408 254 3477 ciliavit.

204 3561 280 3629 Lib.
302 3562 364 3630 lV.
398 3566 553 3634 Alcithois'
570 3582 680 3634 tamen
700 3579 732 3631 et
745 3587 874 3630 sorores
893 3563 971 3652 ipsis
991 3563 1103 3628 diebus
1118 3559 1208 3625 festis
1223 3559 1310 3624 lani-

118 3665 191 3731 ficio
215 3691 346 3755 operam
376 3668 513 3752 dabant,
543 3691 686 3757 opusque
715 3667 869 3732 levabant
893 3663 1021 3729 labellis
1049 3660 1239 3727 narrandis=
1269 3663 1311 3726 de

117 3765 262 3857 Pyramo
285 3786 317 3837 et
331 3770 469 3853 Thisbe,
491 3793 629 3855 quorum
651 3767 833 3835 miserrima
853 3782 958 3833 morte
978 3764 1081 3830 moris
1102 3763 1197 3848 niger
1219 3762 1310 3828 color

118 3868 244 3935 additus
265 3873 325 3953 sit3
348 3872 388 3937 de
409 3870 521 3956 Sole„
537 3885 575 3937 ut
603 3870 811 3937 Leucothoiin
837 3870 1106 3957 amplecteretur,
1131 3866 1167 3930 in
1195 3863 1310 3954 Eury·

118 3993 236 4035 nomen
257 3988 394 4039 matrem
415 3973 484 4066 ejus
508 3994 684 4056 converso,
708 3995 771 4058 quo
792 3971 878 4038 facto
899 3972 957 4037 ille
978 3970 1014 4035 in
1035 3968 1118 4034 turis
1144 3968 1309 4048 arborem,

118 4073 263 4160 nymphe
277 4090 396 4158 autem,
419 4099 501 4162 qnae
522 4077 619 4143 illum
639 4099 783 4143 amorem
800 4074 999 4164 prodiderat,
1023 4072 1058 4138 in
1073 4068 1309 4156 heliotropium

118 4189 240 4238 mutata
269 4175 328 4252 siu
356 4177 395 4242 de
423 4176 599 4265 Daphnide
627 4178 806 4244 innexum
834 4193 976 4258 mutato,
1007 4176 1047 4240 de
1074 4190 1198 4241 mutato
1226 4194 1310 4236 sexu

118 4269 282 4358 Sithonis,
307 4277 346 4342 de
371 4276 476 4343 Gelmi
496 4276 533 4343 in
554 4279 756 4345 adamantem
777 4294 914 4360 mutato,
935 4279 975 4343 de
988 4275 1162 4344 Curetibus
1183 4275 1223 4339 ab
1245 4272 1310 4336 im-

117 4376 169 4441 bri
195 4377 293 4458 netis,
326 4366 366 4444 de
395 4375 500 4445 croco
527 4393 559 4444 et
586 4375 729 4447 Smilace
761 4380 797 4446 in
824 4381 920 4447 flores
949 4380 1072 4463 versis,
1104 4378 1241 4462 denique
1270 4374 1311 4438 de
