2864 4890
487 182 847 240 taraooocrto
1195 194 1270 249 χῃ,
1337 142 1420 228 ι’.

63 337 135 405 auis
155 338 427 427 metamorphoses
448 339 644 422 tractarent,
674 340 714 405 ad
737 362 815 426 quas
842 341 1026 407 tractandas
1054 365 1143 409 nunc
1164 347 1266 413 oller·

63 455 160 507 retur
180 440 422 528 opportunitas,
448 442 503 506 sed
525 442 704 528 singularia
726 442 870 508 carmina
892 456 1039 530 totosque
1065 444 1166 513 libros
1195 472 1263 516 non

65 544 108 608 dc
128 566 194 608 una
213 559 269 608 ant
294 545 395 608 altera
423 543 479 608 sed
507 545 546 609 de
576 546 723 633 pluribus
753 546 1092 613 transformationibus
1117 547 1203 615 inter
1227 574 1263 618 se

64 642 182 734 junctis
205 661 261 711 ant
282 668 401 732 genere
421 646 565 733 cognatis
589 663 835 734 componerent3
869 671 907 712 ac
936 666 1176 734 memorantur,
1205 653 1261 738 qni

65 749 143 813 talia
164 748 329 837 scripsisse
348 747 511 830 dicuntur,
533 746 702 832 Eumelus,
725 748 921 832 Simonides,
945 747 1169 836 Callisthenes,
1193 753 1260 822 Go-

65 849 175 932 rinna,
197 850 397 937 Antigonus,
418 850 595 933 Nicander,
618 851 692 932 alii3
713 875 730 916 e
750 851 878 917 Latinis
893 852 1101 936 Parthenius,
1123 879 1258 943 praece·

64 968 140 1041 ptor
170 951 316 1040 Virgilii.
361 952 487 1018 Verum
515 952 555 1017 de
575 953 693 1019 horum
722 954 870 1020 omnium
889 954 1106 1038 carminibus,
1144 980 1258 1025 eorum

63 1071 276 1142 argumento,
306 1055 454 1137 consilio,
489 1054 629 1137 ambitu,
652 1070 720 1120 arte
745 1055 829 1120 nihil
851 1071 980 1121 certum-
997 1071 1029 1121 et
1049 1058 1258 1147 exploratum

62 1172 206 1223 constat:
226 1157 293 1224 nisi
309 1159 393 1243 qnod
408 1157 583 1223 Eumelnm
599 1162 771 1235 Booyorlor
792 1159 832 1223 de
852 1157 966 1246 apibus
987 1180 1031 1222 ex
1046 1160 1257 1228 cadaveribus

61 1260 164 1325 bourn
185 1260 392 1348 procreandis
413 1260 574 1349 (Pausan.
596 1258 658 1324 lv.
677 1258 762 1344 33.),
784 1257 910 1326 Boeum
927 1259 997 1327 sive
1018 1256 1108 1328 Boeo
1128 1262 1256 1351 (Athe-

62 1384 139 1427 nae.
157 1359 222 1427 IX.
244 1386 276 1450 p.
292 1365 368 1428 393.
390 1363 514 1428 Anton.
537 1361 651 1428 Liber.
673 1385 703 1426 c.
724 1358 784 1447 5.)
805 1360 1017 1447 ὀρνιθογονίαν
1038 1365 1256 1452 composuisse

61 1480 262 1547 memorant,
285 1464 321 1530 in
346 1489 409 1550 qna
432 1488 543 1530 omnes
565 1488 641 1532 aves
662 1463 810 1529 homines
831 1463 931 1529 fuisse
952 1464 1124 1547 docuerat,
1147 1481 1180 1531 et
1197 1464 1254 1533 Si·

60 1565 216 1631 moniden
226 1567 391 1655 singulare
404 1591 536 1633 carmen
546 1568 614 1653 oapi
626 1569 773 1645 γυναικῶν
786 1565 977 1653 inscriptum
983 1567 1097 1633 fecisse
1110 1568 1252 1652 tradunt,

60 1668 96 1733 in
120 1690 184 1753 qno
205 1669 355 1735 mulieres
369 1693 430 1758 pro
452 1669 589 1736 diversis
604 1667 749 1734 moribus
765 1692 808 1733 ex
822 1667 922 1734 variis
935 1667 1142 1751 animalibus,
1153 1684 1252 1752 terra,

59 1770 148 1835 mari
169 1770 303 1858 aliisque
322 1773 446 1838 naturis
466 1788 552 1838 ortas
573 1792 642 1836 esse
661 1771 794 1837 luserat.
844 1768 873 1834 Ε
900 1770 1016 1855 quibus
1046 1787 1155 1837 tamen
1180 1795 1251 1838 cer·

57 1888 132 1938 tum
153 1897 219 1939 esse
240 1875 388 1959 videtur,
411 1875 616 1964 superiorum
637 1873 771 1938 illorum
786 1870 1092 1961 Metamorphoseon
1113 1872 1251 1961 scripto·

59 1998 136 2049 rum
179 1977 323 2042 carmina
363 1993 451 2043 certo
485 1993 518 2043 et
557 1991 694 2063 angusto
736 1976 877 2060 quodam
930 1975 1252 2040 transformationum

59 2077 184 2142 ambitu
210 2079 361 2144 conclusa
388 2095 485 2164 atque
510 2078 682 2145 terminata
709 2077 822 2142 fnisse.
865 2074 945 2143 Vid.
976 2074 1008 2144 J.
1031 2076 1072 2142 G.
1096 2075 1251 2143 1..Μοῦ-

58 2201 158 2243 mann
179 2180 220 2245 de
241 2180 344 2244 causis
373 2196 404 2245 et
432 2181 616 2244 auctoribus
645 2177 873 2242 narrationum
902 2176 941 2241 dc
968 2177 1099 2244 mutatis
1123 2178 1251 2246 formis.

57 2279 149 2369 lips.
172 2279 358 2361 Kummar,
388 2280 484 2345 1786.
530 2278 563 2348 J.
593 2276 714 2344 Glsrist.
742 2275 840 2345 Jahn.
894 2276 1070 2345 lntroduct.
1102 2280 1142 2345 ad
1170 2279 1250 2347 Met.

55 2407 87 2471 r·
107 2385 146 2448 9·
1329 2378 1333 2385 ’

139 2482 307 2548 Exortum
334 2499 381 2550 est
405 2483 491 2549 felix
513 2482 684 2572 ingenium
718 2481 876 2566 Nasonis,
904 2506 923 2548 a
950 2506 1015 2567 quo
1050 2507 1088 2548 ea
1114 2487 1249 2552 materia
1307 2508 1316 2525 ·

54 2599 148 2651 vasto
185 2582 281 2675 juxta
315 2608 354 2650 ac
385 2609 518 2674 prorsus
553 2606 642 2652 novo
679 2582 814 2649 consilio
846 2584 1007 2651 illustrata
1038 2602 1086 2652 est
1118 2589 1249 2654 variae·

56 2709 121 2773 que
138 2688 271 2753 fabulae
290 2687 326 2753 in
346 2687 665 2755 transformationem
693 2701 749 2752 ant
771 2710 851 2752 vere
876 2702 1032 2753 exeuntes
1062 2703 1118 2753 ant
1142 2705 1248 2757 trans·

55 2788 285 2854 formationem
304 2789 463 2878 capientes
485 2815 503 2855 e
522 2789 624 2879 poetis
638 2788 771 2855 Graecis
792 2812 830 2854 ac
843 2788 980 2871 Latinis,
1003 2791 1248 2880 ephilosoplro·

57 2914 133 2955 rum
154 2892 361 2974 commentis,
388 2917 432 2957 ex
449 2892 662 2958 historiarum
686 2891 924 2974 monumentis,
956 2914 1101 2978 quaeque
1126 2895 1161 2958 in
1191 2918 1249 2960 ore

55 2989 151 3078 vulgi
169 2991 333 3078 vigebant,
359 2993 512 3077 Graecae,
534 2993 684 3076 Latinae,
708 2993 904 3082 Aegyptiae,
926 2992 1083 3083 Libycae,
1106 2996 1248 3062 Asianae

56 3108 88 3159 et
102 3092 245 3182 cujusvis
260 3096 396 3183 originis
417 3120 455 3162 ac
476 3097 599 3186 patriae
615 3097 769 3161 collectae
789 3110 822 3161 et
835 3094 1009 3158 artificioso
1024 3117 1155 3181 poeseos
1169 3099 1246 3165 vin·

56 3197 131 3259 culo
143 3195 179 3261 in
191 3220 295 3263 unum
307 3222 345 3264 ac
354 3216 546 3287 perpetuum
557 3197 740 3262 carminum
754 3196 964 3283 complexum
975 3186 1145 3284 colligatae
1159 3216 1246 3265 sunt.

57 3295 96 3360 ln
115 3320 179 3383 quo
199 3298 330 3383 quidem
350 3300 497 3366 instituto
519 3298 655 3364 consilio
677 3321 719 3362 an
739 3298 1061 3365 transformationem
1082 3300 1247 3368 tractatio·

56 3422 135 3463 nem
162 3424 336 3486 earumque
364 3424 551 3467 connexum
588 3398 733 3476 maxime
770 3399 805 3465 in
840 3400 949 3466 animo
974 3402 1246 3486 habueritsfflon

55 3499 326 3586 equidammot
343 3503 413 3591 ipse
433 3503 469 3567 in
490 3503 627 3568 exordio
650 3502 756 3590 operis
774 3505 976 3590 profiteatur,
983 3505 1246 3584 affirm&

56 3626 159 3687 quum
180 3604 370 3692 praesertim
388 3603 478 3693 ipsae
498 3606 772 3693 metamorphoses
793 3604 987 3694 perparvam
1019 3607 1047 3673 si
1075 3630 1152 3672 cum
1178 3621 1247 3670 toto

58 3727 154 3792 opere
176 3708 343 3789 conferas,
366 3706 519 3772 carminis
550 3721 675 3794 partem
704 3706 857 3773 alliciant.
901 3707 1043 3795 Propius
1069 3728 1150 3772 vero
1179 3727 1247 3771 esse

55 3805 196 3891 videtur,
219 3831 295 3873 eum
315 3808 567 3896 metamorphosi
587 3808 690 3896 magis
713 3832 810 3875 usum
831 3832 900 3874 esse
922 3824 960 3873 ut
974 3821 1097 3872 certum
1115 3806 1153 3872 ac
1178 3809 1245 3874 ele·

55 3930 132 3993 gans
155 3924 239 3975 esset
259 3910 379 3975 horum
400 3910 583 3975 carminum
605 3910 788 3991 vinculum,
812 3923 955 3973 ceterum
976 3924 1142 3996 praetento
1158 3934 1246 3978 novo

54 4006 114 4075 hoc
136 4010 234 4076 titulo
256 4011 291 4076 id
313 4012 516 4100 potissimum
541 4012 739 4093 intendisse,
766 4025 804 4074 ut
831 4024 880 4074 tot
907 4009 965 4076 has
993 4013 1245 4099 elegantissimas
1271 3982 1280 4077 l

54 4134 110 4198 per
131 4136 264 4178 omnem
285 4113 509 4200 antiquitatem
530 4113 688 4198 dispersas
709 4112 887 4178 fabulatast
908 4113 987 4180 alias
1007 4114 1048 4179 iis
1067 4116 1245 4207 coliaeren·

53 4227 97 4278 tes
125 4236 219 4280 novo
246 4239 285 4281 ac
313 4237 373 4281 sno
401 4215 501 4280 modo
536 4226 619 4279 totas
648 4228 878 4301 pertractaret,
907 4230 939 4280 et
966 4231 1041 4304 post
1066 4213 1244 4295 Heroidas‚

51 4315 215 4399 Amores,
234 4318 352 4383 Artem
378 4315 588 4398 amatoriam,
617 4313 772 4383 Remedia
801 4315 921 4382 amoris
946 4316 1072 4401 aliaque
1101 4313 1245 4379 carmina

50 4420 200 4486 confecta
225 4420 267 4486 als
289 4417 388 4508 epicis
409 4440 537 4504 qnoque
556 4418 703 4485 lauream
724 4434 876 4500 mereret,
901 4438 1095 4503 carmenque
1115 4436 1244 4501 compo-

990 4517 1038 4557 Η
1087 4512 1094 4528 ⁴
