2864 4890
522 125 626 180 ov1u11
644 123 952 179 muueneuosus,

229 275 298 342 Has
320 302 488 346 concresse
508 294 634 381 putent,
656 275 829 365 nactasque
855 276 1009 345 alimenta
1031 277 1151 345 feracis

229 361 437 448 Fecundique
458 367 520 430 soh
541 365 628 430 vires
651 365 771 452 cepisse
793 363 942 428 nocendi.

232 445 326 528 Quae
348 448 423 533 quia
444 466 622 514 nascuntur
643 450 724 514 dura
747 448 876 514 vivacia
897 463 1001 528 caute,

231 536 386 616 Agrestes
405 534 532 600 aconita
552 549 683 612 vocant.
705 571 725 582 -
749 532 799 598 Ea
821 530 968 621 conjugis
989 545 1062 597 astu

231 614 304 700 lpse
325 640 442 704 parens
462 621 591 705 Aegeus
612 635 688 684 nato
707 617 866 706 porrexit,
889 634 926 681 ut
947 615 1044 682 hosti.

229 699 397 768 Sumserat
417 703 532 788 ignara
554 705 701 770 Theseus
722 705 795 769 data
816 705 932 790 pocula
954 703 1085 782 dextra,

189 822 194 831 x
232 783 316 850 Cum
337 804 429 873 pater
448 788 484 854 in
506 791 621 876 capulo
644 789 744 873 gladii
766 787 921 872 cognovit
942 787 1068 851 eburno

232 868 335 951 Signa
359 871 411 936 sui
430 873 570 958 generis,
593 873 782 958 facinusque
807 871 948 937 excussit
969 873 1010 936 ab
1033 894 1103 937 ore.
1175 922 1180 932 .

230 953 357 1040 Effugit
377 956 436 1022 illa
457 983 570 1023 necem
591 958 717 1024 nebulis
738 981 798 1045 per
819 956 963 1023 carmina
984 955 1094 1020 motis.

272 1041 320 1105 At
340 1041 480 1124 genitor,
506 1035 690 1128 quan'quam
712 1043 852 1107 laetatur
869 1041 987 1128 sospite
1005 1055 1095 1122 nato,

233 1123 400 1190 Attonitus
422 1142 531 1192 tamen
552 1144 609 1210 est,
632 1130 746 1213 ingens
769 1125 955 1191 discrimine
977 1148 1082 1212 parvo

237 1206 404 1275 committi
427 1212 568 1299 potuisse
590 1215 700 1294 nefas,
721 1213 812 1277 fovet
832 1211 962 1296 ignibus
988 1233 1073 1290 ares,

232 1292 486 1381 Muneribusque
509 1298 584 1363 deos
605 1299 735 1386 implet,
757 1295 944 1380 feriuntque
965 1317 1116 1365 secures,

237 1374 330 1441 (iolla
354 1395 462 1444 torosa
487 1383 587 1446 boum
608 1383 794 1448 vinctorum
814 1403 936 1445 cornua
954 1379 1057 1445 vittis.

238 1459 359 1527 Nullus
381 1463 586 1532 Erechthidis
605 1469 710 1533 fertur
731 1465 922 1531 celebratior
942 1464 1000 1529 illo

240 1545 394 1611 llluxisse
417 1549 496 1614 dies.
542 1552 680 1637 Agitant
701 1550 853 1616 convivia
875 1565 981 1637 patres

235 1628 279 1694 Et
301 1632 445 1698 medium
468 1637 605 1720 vulgus3
627 1660 774 1701 necnon
797 1650 828 1699 et
849 1633 1005 1714 carmina,
1026 1632 1106 1698 vino

164 1782 169 1791 ,
234 1713 408 1798 ingenium
432 1720 582 1802 faciente,
605 1739 744 1786 canunt:

768 1720 857 1801 „Te,
880 1717 1025 1783 maxime
1047 1717 1192 1801 Theseu,

236 1799 356 1865 Mirata
382 1819 429 1868 est
448 1802 621 1870 Marathon
644 1804 770 1870 Cretaei
791 1803 948 1886 sanguine
970 1801 1094 1881 tauri3·

239 1885 400 1970 Quodque
422 1912 515 1952 suam
536 1914 668 1955 securus
692 1906 761 1955 arat
783 1887 973 1977 Cromyona
992 1887 1138 1968 colonus,

182 2039 245 2091 416.
265 2058 412 2106 concresse,
428 2059 464 2093 sc.
479 2043 504 2093 in
517 2046 623 2096 solidum
636 2062 725 2112 eorpus

147 2110 201 2161 eive
220 2111 340 2176 plantam.
372 2112 419 2162 list
438 2128 497 2176 ergo
510 2117 723 2183 metamorphosis.

146 2206 180 2218 -
194 2179 249 2231 Pal.
261 2182 293 2232 1).
306 2183 392 2232 Heius.
401 2184 516 2245 furoris.

182 2249 244 2300 418.
265 2255 341 2318 Quae
354 2253 416 2320 quia
428 2262 586 2305 nascuntur.
612 2252 677 2303 Pliu.
691 2251 724 2303 N.

146 2317 180 2372 H.
189 2319 297 2371 XXVll.
311 2338 335 2372 c.
347 2322 371 2372 3.
399 2321 529 2374 Nascitur
541 2324 568 2374 in
576 2324 726 2374 nudiseau-

147 2387 231 2454 utus,
256 2407 323 2456 quas
342 2407 442 2442 aconas
463 2388 599 2457 (ἀκόνας)
620 2398 724 2457 uocant,

147 2465 174 2508 st
187 2460 246 2507 inde
258 2461 393 2510 aconitum
406 2462 502 2524 diacre,
515 2463 588 2513 nullo
596 2463 680 2525 jueta
692 2478 725 2512 ne

146 2527 254 2592 puluere
273 2529 375 2594 quidem
387 2532 527 2583 nutriente.
562 2531 630 2582 Unde
650 2532 725 2581 etiam

147 2595 265 2660 uicaria,
287 2599 310 2644 h.
326 2612 349 2646 e.
368 2605 480 2648 tenacem
500 2601 574 2650 vitam
597 2601 723 2663 habentia,

147 2670 176 2713 ut
188 2679 251 2728 quae
265 2665 333 2714 nullo
346 2667 463 2717 alimento
474 2670 611 2732 indigeant.

182 2735 243 2787 422.
265 2734 379 2785 Gladium
398 2744 426 2786 nt
445 2745 583 2790 ostentaret
601 2739 723 2803 Theseus,

147 2803 255 2852 cultrum
269 2805 354 2854 eduxit
367 2821 456 2856 carnes
472 2810 597 2874 appositas
615 2810 726 2858 disseca-

147 2879 228 2921 turus.
261 2872 327 2925 Plut.
349 2874 426 2926 Thes.
448 2893 470 2927 c.
488 2877 528 2928 12.
560 2876 623 2928 Nam
643 2878 725 2940 gladio

147 2940 280 3004 adjunctus
295 2943 348 2993 iere
361 2953 416 2995 erat
429 2947 518 2997 culter.
546 2947 618 2996 Hom.
634 2947 663 2996 11.
679 2947 724 3010 ill,

146 3010 209 3064 271.
237 3012 257 3062 Ε
271 3014 348 3076 signis
361 3017 460 3078 generis
473 3017 526 3079 sui,
542 3015 726 3082 quaeTbeseus

147 3095 216 3131 more
230 3091 342 3134 veterum
356 3085 380 3134 in
394 3087 481 3152 capulo
500 3087 628 3149 gestabat,
649 3101 727 3148 agno-

108 3208 110 3213 ,
145 3151 195 3201 scit
207 3152 294 3203 lilium.
327 3154 395 3218 Quae
408 3172 468 3209 vero
481 3157 526 3208 illa
538 3157 609 3219 signa
623 3155 724 3219 fuerint,

146 3231 315 3272 noueonstat.
342 3224 430 3275 Gier.

181 3291 244 3406 1423.
259 3293 384 3356 facinus,
414 3293 510 3343 lacinus
535 3302 664 3360 patratore
682 3310 727 3361 po-

148 3371 180 3406 eu
192 3372 215 3408 a.

182 3426 244 3478 424.
265 3427 398 3491 carmina,
413 3444 450 3478 sc.
464 3429 570 3491 magica.

182 3496 243 3546 426.
264 3506 352 3550 tamen
365 3504 413 3547 est.
440 3496 515 3546 Goth.
531 3498 565 3559 l.‚
581 3498 725 3549 uunchid.

147 3573 173 3616 ot
185 3583 248 3617 unus
264 3567 349 3617 Heius.
373 3573 479 3618 tantum
491 3574 539 3616 est.
572 3566 651 3615 Rhen.
665 3575 728 3618 tan-

144 3643 202 3687 turn
222 3639 313 3688 omisso
333 3644 382 3689 est.
419 3635 516 3700 Reliqui
536 3652 621 3685 omnes
639 3644 727 3687 tamen

146 3716 195 3758 est.
222 3709 330 3774 Optime.
358 3707 405 3757 Pro
420 3707 526 3756 lectione
546 3705 604 3755 Par.
618 3705 662 3769 2.,
683 3707 724 3755 od.

144 3791 184 3894 pp.
194 3785 220 3827 et
227 3781 344 3842 vulgatae
351 3779 446 3846 ingens
453 3776 516 3826 disc.
521 3793 552 3844 p.
562 3777 609 3824 duo
616 3776 723 3836 hersin,

167 3845 201 3893 al.
216 3847 242 3897 2.
258 3864 272 3896 a
290 3864 373 3910 corn,
388 3865 450 3899 ornus
463 3845 522 3898 Vat.
538 3845 603 3896 thoi.
618 3846 726 3895 etmulti

144 3912 234 3963 Heius.
249 3917 297 3966 icti
307 3919 454 3969 discrimine
462 3935 561 3987 paroc,
577 3932 590 3966 o
603 3916 687 3979 glossa
701 3922 727 3964 et

145 3981 255 4032 fortasse
272 3985 369 4046 eVirg.
384 3988 446 4038 Aeo.
462 3990 510 4048 ill,
527 3988 586 4037 886.
602 4013 634 4024 ·-
658 3986 725 4035 ileli-

145 4050 188 4171 qui
206 4053 278 4101 codd.
300 4053 384 4114 etot,
413 4057 483 4105 multi
504 4058 606 4119 Heius,
628 4056 723 4119 heroi,

171 4121 255 4182 rcsd.‚
271 4121 346 4171 Goth.
363 4120 403 4183 l.‚
425 4124 509 4178 Pali
531 4125 723 4186 al.u1.‚Par.

147 4189 184 4250 1.,
200 4187 296 4251 Rham,
313 4189 381 4254 hips
400 4190 422 4242 l.
436 4193 474 4250 2.,
489 4192 561 4242 Vrut.
576 4202 602 4242 et
614 4195 725 4258 reliquae

147 4258 275 4308 edd.vett.
283 4259 379 4325 geniti.
401 4257 530 4309 hlendose.
540 4290 564 4298 ·
580 4262 726 4316 discrimine

143 4344 227 4397 paruo
240 4336 277 4378 est
287 4329 492 4395 propemodum,
505 4337 612 4381 tantum
624 4347 685 4383 non.

181 4398 241 4450 428.
263 4398 364 4463 Proprie
378 4414 442 4450 arae
455 4399 611 4467 implentur,
631 4403 725 4465 poetice

146 4468 200 4538 ipsi
210 4469 246 4518 di.
273 4468 402 4536 Gierig.

1284 1891 1347 1951 485

803 2045 865 2095 429.
884 2044 967 2096 cittis.
992 2041 1052 2094 Vid.
1068 2032 1182 2092 1615-
1205 2041 1244 2092 ue
1258 2057 1346 2094 auus.

769 2131 869 2166 cornua
881 2114 932 2163 vid.
947 2113 978 2162 nd
992 2112 1019 2175 1,
1034 2111 1094 2166 332.

803 2202 865 2252 tao.
885 2198 1068 2264 Erechthidis,
1093 2196 1305 2261 Atheniensibus,
1331 2214 1349 2248 a

769 2287 828 2335 rege
841 2271 992 2322 Erechtheo.
1017 2266 1138 2330 111,677.
1158 2295 1182 2303 -
1210 2267 1274 2321 432.
1292 2284 1348 2319 nte-

769 2342 841 2393 dr'um
853 2342 963 2406 uulgus,
983 2345 1012 2388 ut
1022 2336 1055 2400 V,
1076 2334 1137 2390 207.
1157 2337 1245 2389 media
1261 2338 1346 2404 plebs.

769 2439 803 2452 -
827 2410 887 2460 cino
906 2411 964 2477 ing.
979 2408 1107 2473 faciente.
1146 2405 1208 2456 lior.
1228 2406 1312 2473 Epist.
1326 2408 1348 2472 l,

768 2481 798 2544 5,
816 2480 858 2530 ΙΙΙ.
1212 2477 1216 2487 “

839 2565 959 2618 Fecunda·
975 2564 1070 2614 calices
1090 2578 1167 2632 quem
1184 2578 1239 2615 non
1260 2565 1350 2629 secere

976 2633 1121 2686 disertum?

768 2721 843 2789 Prop.
858 2721 901 2785 IV,
918 2721 948 2784 h,
964 2719 1007 2772 75.

839 2808 977 2875 ingenium
980 2807 1053 2874 petis
1060 2806 1149 2857 irritat
1156 2805 1243 2859 Musa
1248 2806 1349 2874 poeta,-

872 2879 989 2942 Bacche,
1009 2878 1076 2928 soles
1091 2875 1192 2927 Phoebo
1205 2878 1282 2929 utilis
1293 2895 1349 2929 esse

976 2956 1033 3000 tuo.

768 3034 826 3086 Vid.
842 3034 923 3084 Bentl.
938 3035 969 3084 ad
983 3035 1044 3084 lior.
1059 3032 1106 3082 Oti.
1122 3026 1172 3091 ill,
1192 3032 1238 3096 21,
1256 3033 1297 3084 13.

804 3122 865 3172 433.
886 3121 977 3171 Thesei
990 3120 1088 3170 landem
1097 3119 1224 3168 commode
1232 3119 1348 3188 inhymui

770 3192 873 3241 formam
891 3192 1029 3254 convertit,
1056 3196 1084 3239 ut
1107 3203 1148 3239 res
1169 3204 1217 3238 non
1238 3189 1346 3253 narrari,

769 3263 814 3311 sed
827 3262 866 3324 agi
879 3261 1003 3310 videatur.
1030 3258 1104 3309 Coei.
1118 3256 1189 3320 Virg.
1203 3257 1346 3322 Aenvttt,

768 3331 829 3385 288.
850 3331 891 3380 uhi
916 3330 1004 3380 similis
1028 3329 1053 3377 iu
1074 3327 1205 3377 Herculem
1231 3329 1246 3376 h
1291 3345 1347 3379 uus.

769 3402 806 3450 De
819 3416 846 3450 re
859 3401 910 3449 vid.
925 3399 991 3449 Plut.
1005 3399 1029 3447 iu
1044 3397 1120 3447 Thes.
1132 3397 1205 3445 Diod.
1222 3397 1231 3446 1
1260 3435 1266 3446 .
1281 3415 1305 3448 c.
1315 3399 1347 3448 58

769 3485 838 3534 seqq.
852 3469 968 3534 Apollod.
984 3467 1028 3517 111.
1042 3483 1065 3517 c.
1076 3466 1117 3516 18.
1133 3465 1197 3533 Hyg.
1212 3466 1243 3517 F.
1253 3467 1347 3533 hisqq.

804 3557 864 3605 434.
886 3555 1049 3617 Marathon,
1070 3569 1147 3619 pagus
1167 3554 1284 3617 Atticae,
1304 3554 1349 3604 uhi

770 3624 882 3674 Theseus
899 3633 997 3675 taurum
1017 3625 1163 3682 Cretaeam,
1184 3623 1209 3671 h.
1229 3639 1254 3673 e.
1274 3639 1347 3688 quem

768 3692 897 3759 Neptunus
917 3695 996 3745 Minoi
1007 3693 1137 3754 Cretensi,
1157 3691 1347 3743 Atheniensium

769 3763 848 3824 hosti,
863 3765 967 3813 dederat
986 3763 1075 3828 quique
1089 3761 1260 3812 Marathonius
1272 3777 1348 3825 agros

768 3833 905 3895 vastabat,
932 3834 998 3899 cepit
1022 3841 1047 3882 et
1070 3831 1175 3881 Athenis
1199 3831 1347 3881 immolavit.

769 3901 835 3954 Plut.
850 3903 926 3952 Thes.
941 3920 964 3952 c.
982 3903 1022 3952 14.
1048 3900 1109 3952 Met.
1124 3899 1175 3962 lX,
1192 3899 1252 3950 186.

804 3990 864 4042 435.
886 3992 1023 4058 Cranaen,
1049 4004 1127 4054 pagus
1147 3987 1277 4049 Corinthi,
1306 3987 1350 4038 ubi

768 4075 810 4108 sus
830 4060 937 4122 ingentis
955 4057 1130 4122 magnitudinis
1143 4071 1218 4117 agros
1231 4058 1351 4108 devasta-

768 4129 829 4191 bat,
857 4145 930 4194 quam
949 4129 1061 4181 Theseus
1081 4126 1218 4176 interiecit.
1258 4127 1348 4193 steph.

769 4199 831 4266 Byz.
852 4215 874 4248 s.
896 4215 920 4247 v.
939 4204 1050 4268 qupp.
1087 4196 1153 4246 Plut.
1174 4196 1253 4246 Thes.
1274 4212 1299 4245 c.
1322 4197 1349 4246 a.

769 4267 844 4317 Paus.
855 4268 886 4319 li.
896 4285 919 4318 c.
931 4268 955 4318 1.
965 4293 997 4304 -
1005 4266 1165 4330 ·Conjectura
1173 4268 1276 4318 estsuis
1289 4282 1316 4331 q.
1324 4284 1349 4316 e.

769 4338 800 4391 de
812 4354 868 4388 suc.
901 4338 950 4388 Sed
967 4353 1036 4390 suern
1055 4336 1179 4399 adjunctis
1196 4337 1259 4385 sutis
1271 4336 1353 4398 signi·

769 4407 869 4469 beavit,
893 4415 919 4456 et
930 4413 992 4456 vett.
1008 4406 1065 4456 libri
1078 4421 1163 4455 ornnes
1176 4407 1294 4471 optimam
1308 4420 1355 4456 ex·

770 4477 857 4525 hibent
869 4477 1016 4542 scripturam
1029 4491 1116 4527 suam.
