2864 4890
107 162 143 213 Vl
531 163 870 219 rnsnrtt'lo.

112 313 211 379 aliam
229 313 423 402 scripturam
442 317 525 401 q'uaa
546 317 688 383 bonitate
710 339 822 382 sensus
850 316 938 383 haud
960 315 1068 382 minus
1092 315 1302 383 commenda·

112 429 184 496 tur,
212 417 349 498 habent,
370 417 463 483 illam
490 420 632 484 formam
654 419 802 485 novavit.
839 417 917 485 Vid.
939 418 967 502 l,
989 420 1043 484 91.
1056 420 1137 483 333.
1160 416 1206 501 Il,
1228 421 1305 485 779.

113 514 160 581 lV
172 560 183 599 ,
204 518 279 583 358.
300 518 350 600 V,
372 521 447 585 669.
469 519 562 602 Vlll,
585 522 661 587 399.
683 517 756 601 Xl,
784 517 861 584 414.
885 518 989 604 XIII,
1018 519 1096 587 442.
1114 520 1202 603 XV,
1230 523 1307 587 793.

114 614 260 684 Nomina
281 622 449 688 0011001110
477 623 654 708 elegantius
684 646 760 687 cum
786 622 951 707 plurativo
978 622 1073 689 verbi
1101 646 1200 708 quam
1231 647 1308 688 cum

116 718 274 806 singulari
293 723 371 809 poni
394 724 604 811 opinabatur3
634 723 742 809 itaque
770 722 806 787 111
829 725 979 790 omnibus
1009 725 1125 790 Ovidii
1153 726 1306 811 operibus

116 821 189 909 plus
217 820 368 907 CXXV,
396 825 433 891 in
460 826 774 912 Metamorphosibus
796 823 902 890 XXV
922 826 1019 907 locis,
1046 828 1304 913 repugnantibus

117 924 281 990 veteribus
303 927 416 1009 libris,
443 927 478 993 in
501 930 561 994 hac
583 926 730 993 oratione
754 927 956 1013 plurativum
982 929 1127 994 induxit.
1178 927 1256 994 Vid.
1279 926 1308 1016 l,

116 1023 171 1089 59.
194 1027 248 1092 92.
270 1029 323 1094 99.
350 1030 422 1094 142.
445 1029 496 1112 II,
523 1031 597 1095 688.
619 1028 680 1110 Ill,
713 1030 790 1093 529.
821 1032 897 1095 629.
926 1029 993 1112 IV,
1022 1029 1098 1095 484.
1128 1030 1204 1095 598.
1232 1030 1309 1095 636.

117 1124 167 1208 V,
191 1129 242 1192 12.
264 1130 338 1195 162.
360 1131 434 1197 674.
457 1131 524 1214 VI,
547 1131 621 1196 219.
645 1129 720 1194 348.
742 1128 820 1195 402.
843 1130 914 1213 XI,
941 1134 1015 1198 375.
1038 1130 1133 1214 XII,
1155 1133 1210 1196 53.
1231 1128 1310 1198 224.

119 1227 224 1311 XIII,
248 1233 321 1297 633.
345 1234 419 1299 721.
441 1232 545 1317 XIV,
571 1234 647 1298 505.
667 1229 755 1312 XV,
778 1232 853 1297 680.
902 1232 1109 1300 lucratione
1132 1231 1234 1318 qualis
1263 1247 1311 1297 eat
1357 1309 1359 1314 Ι

119 1328 169 1412 ll,
199 1329 255 1397 45.
279 1342 424 1418 promissi
448 1342 534 1400 tertis
568 1339 674 1398 adesto
707 1335 802 1416 Styr,
840 1335 967 1402 dativus
997 1336 1028 1401 ei
1055 1359 1139 1422 prae
1164 1333 1311 1419 genitivo

118 1434 284 1521 placebat,
319 1436 427 1522 itaque
453 1436 608 1502 XXVIII
636 1434 716 1500 locis
744 1459 877 1522 prorsus
899 1438 982 1503 falso
1005 1438 1132 1502 dativus
1162 1439 1311 1502 obtrusus

121 1550 180 1600 eat.
224 1535 302 1602 Vid.
325 1537 374 1620 ll,
399 1537 642 1620 45.6oo.111,
670 1538 745 1601 721.
772 1538 847 1603 511.
877 1537 945 1620 lV,
973 1542 1028 1605 69.
1056 1538 1134 1603 224.
1160 1535 1227 1618 VI,
1255 1538 1311 1602 82.

120 1635 195 1701 102.
217 1637 294 1703 604.
317 1640 392 1706 659.
413 1641 490 1707 574.
512 1640 567 1723 Χ,
589 1644 667 1706 270.
687 1637 790 1720 VIII,
813 1639 867 1704 88.
893 1639 1059 1722 157.1Χ,
1081 1638 1159 1705 540.
1182 1638 1254 1719 XI,
1276 1639 1311 1704 8.

118 1739 194 1803 222.
217 1738 303 1822 XII,
326 1743 380 1805 26.
405 1743 479 1808 166.
502 1744 576 1809 199.
595 1742 671 1808 264.
695 1743 770 1805 612.
791 1739 889 1823 XIII,
913 1742 990 1808 494.
1011 1744 1087 1807 853.
1110 1743 1189 1806 875.
1211 1737 1310 1821 XIV,

18 1891 25 1910 .
119 1842 195 1933 371.
236 1841 276 1907 10
299 1843 444 1909 01011000
466 1845 570 1930 qualis
592 1861 639 1910 est
664 1847 950 1928 pollicitifidem
977 1842 1175 1934 adjectivum
1189 1845 1312 1927 polle·-

120 1949 240 2006 citum
262 1961 425 2031 praestare
444 1947 599 2011 sentiebat
606 1971 616 2026 3
638 1946 746 2031 itaque
768 1968 841 2009 eam
861 1948 1061 2028 orationem,
1084 1946 1168 2011 nihil
1194 1967 1313 2009 curans

120 2046 343 2111 auctoritatem
378 2062 473 2131 atque
500 2071 691 2112 consensum
710 2063 858 2113 veterum
883 2049 1062 2129 librorum,
1093 2045 1204 2111 multis
1233 2043 1314 2109 locis

119 2145 263 2213 induxit.
306 2146 384 2213 Vid.
409 2148 442 2231 l,
478 2147 630 2231 541.11,
660 2152 735 2214 600.
758 2146 827 2230 Ill,
856 2154 931 2217 729.
955 2151 1006 2234 V,
1029 2151 1104 2215 301.
1135 2145 1202 2227 VI,
1235 2147 1312 2210 226.

121 2245 199 2331 Vll,
221 2251 296 2316 308.
317 2250 382 2335 XI,
402 2252 478 2318 107.
499 2250 597 2334 XIV,
620 2254 695 2317 371.
717 2250 799 2334 XII,
823 2252 899 2319 240.
950 2253 1169 2342 Repetitiones
1191 2271 1311 2312 earun-

123 2351 198 2415 dem
234 2376 354 2441 voeum
397 2353 485 2418 intra
520 2377 700 2439 paucorum
738 2355 917 2419 verborum
947 2356 1106 2420 ambitum
1135 2348 1316 2436 elegantiae

123 2449 192 2538 ejus
207 2452 438 2538 displicebant3
460 2455 565 2517 multa
580 2452 677 2543 liujus
696 2453 823 2539 generis
845 2477 1063 2542 praepropere
1078 2456 1120 2519 ab
1134 2475 1171 2516 eo
1192 2466 1316 2535 mutata

123 2568 180 2617 aut
201 2576 261 2639 pro
282 2553 442 2640 corruptis
460 2551 604 2639 judicata
625 2570 712 2619 sunt.
743 2554 874 2636 Quanta
895 2572 1003 2620 autem
1024 2554 1124 2618 fuerit
1144 2553 1180 2615 in
1199 2552 1315 2638 singu·

121 2655 163 2720 lis
184 2655 329 2720 novandi
350 2654 463 2736 libido,
488 2655 647 2742 exemplis
669 2656 755 2719 haud
777 2657 945 2720 commode
967 2655 1091 2721 ostendi
1112 2670 1232 2741 potest3
1255 2655 1314 2719 sed

123 2757 350 2823 commentarii
383 2756 487 2823 nostri
523 2758 637 2842 quavis
682 2758 794 2823 charta
827 2757 903 2822 satis
941 2769 1100 2845 superque
1137 2757 1316 2822 declarant.

125 2857 233 2943 Quid,
261 2859 346 2943 quod
375 2858 410 2923 in
438 2859 583 2924 novandi
608 2859 714 2925 studio
750 2859 830 2923 adeo
860 2859 1073 2946 processerit,
1103 2875 1140 2923 ut
1166 2876 1317 2925 veterum

104 2947 359 3045 ‘nonuunquam
394 2961 543 3027 codicum
581 2960 785 3026 auctoritates
816 2962 962 3028 finxerit.
1018 2958 1123 3048 Saepe
1158 2959 1246 3025 enim
1271 2959 1315 3023 ad

123 3063 221 3127 110010
242 3063 432 3129 commentis
461 3087 499 3128 ae
531 3062 654 3127 deliciis
684 3062 750 3126 suis
780 3062 982 3147 faciendam,
1013 3063 1042 3128 si
1071 3063 1202 3128 nonnisi
1231 3085 1316 3126 unus

125 3180 156 3231 et
176 3166 257 3230 alter
277 3181 333 3230 aut
353 3164 540 3253 paucissimi
560 3165 654 3229 codd.
677 3165 769 3229 illam
789 3164 982 3253 scripturam
1012 3181 1198 3245 tuerentur,
1229 3163 1317 3227 mul-

124 3283 173 3333 tos
195 3284 251 3331 aut
271 3268 450 3356 plurimos,
470 3268 499 3331 si
518 3265 691 3330 mediocris
713 3281 827 3349 notae,
852 3268 989 3354 optimos
1020 3282 1050 3332 et
1081 3267 1211 3332 eosdem
1232 3287 1317 3328 non·

126 3392 293 3454 nunquam
314 3393 394 3456 quos
411 3368 491 3434 alibi
509 3367 683 3433 deteriores
704 3365 875 3457 judicarat,
899 3392 972 3433 eam
994 3368 1150 3433 exhibere
1170 3368 1318 3432 affirma-

124 3471 186 3536 vit.
229 3468 307 3536 Vid.
329 3471 442 3537 Praef.
466 3469 569 3535 Trist.
599 3493 632 3556 p.
661 3469 722 3535 Xl.
753 3469 863 3555 ibique
893 3471 990 3536 allata
1019 3471 1181 3557 exempla.
1231 3465 1318 3534 Jahn

125 3570 238 3639 Praef.
261 3572 393 3639 Metam.
415 3598 448 3662 p.
470 3571 532 3637 Xl.
566 3569 622 3636 Sic
644 3570 849 3658 potissimum
871 3573 991 3654 evenit,
1014 3586 1051 3637 ut
1071 3570 1176 3637 textui
1198 3571 1319 3634 horum

127 3675 309 3740 carminum
329 3675 516 3740 recensione
544 3674 602 3738 illa
629 3671 808 3738 Heinsiana
836 3687 884 3739 101
914 3676 1053 3740 vulnera
1087 3673 1208 3740 inflicta
1235 3671 1318 3751 sint;

127 3801 210 3861 quae
230 3777 424 3864 posteriores
446 3777 583 3841 editores
605 3798 671 3839 uno
693 3774 798 3843 lalana
818 3776 940 3861 dequo
962 3777 1059 3843 modo
1086 3775 1184 3841 locuti
1206 3795 1318 3840 sumus

129 3893 286 3965 excepto,
328 3894 384 3943 aut
423 3877 501 3963 quid
542 3877 723 3964 scripturae
758 3894 906 3943 veterum
942 3879 1103 3944 librorum
1145 3876 1319 3942 auctoritas

126 3995 273 4070 posceret
293 4003 410 4068 parum
431 3979 569 4061 curiosi,
598 3995 653 4044 aut
673 3977 872 4045 Heinsianae
902 3979 991 4046 illius
1020 3977 1218 4046 recensionis
1245 4000 1320 4064 spe-

128 4083 178 4147 cie
199 4105 387 4168 summaque
408 4082 475 4148 viri
498 4081 643 4146 00011100
673 4097 704 4146 01
732 4081 892 4168 elegantia
920 4084 1059 4150 nimium
1088 4080 1200 4148 confisi
1227 4095 1322 4164 atque

129 4183 253 4271 decepti
273 4207 333 4272 per
353 4198 477 4249 tantam
505 4206 667 4248 annorum
686 4184 804 4250 seriem
824 4186 866 4251 ad
889 4202 1034 4251 nostram
1063 4207 1164 4273 usque
1184 4197 1322 4248 aetatem

127 4287 273 4354 maxima
296 4310 340 4351 ex
360 4301 452 4374 parte
472 4301 646 4352 servarunt
666 4302 761 4372 atque
787 4303 1023 4376 propagarunt.

213 4386 280 4457 Sed
302 4412 377 4454 eum
398 4403 503 4454 totum
524 4412 643 4455 munus
665 4405 794 4457 textum
812 4390 1002 4457 recensendi
1013 4407 1109 4479 atque
1129 4385 1322 4455 emendandi
