2864 4890
511 156 616 210 0Vlllll
634 152 942 209 nemausenses,

205 312 329 401 Vipera
352 311 505 393 dirutis,
529 325 773 397 crescentesque
794 308 926 377 abstulit
947 330 1063 402 qnnos.

205 399 307 465 Posse
327 398 394 486 pati
415 396 527 479 volui,
549 418 610 461 uec
630 420 683 461 me
704 410 840 461 tenuere
860 395 1005 480 negab03

205 483 294 549 Vicit
316 487 433 549 Amor.
478 479 605 570 Supera
625 483 703 546 deus
725 481 779 546 laic
801 482 882 546 heae
903 494 1000 544 notus
1017 477 1053 542 iu
1075 500 1132 544 ora
1154 493 1222 545 estt

102 611 113 633 .
205 570 262 635 An
283 567 326 633 sit
346 583 378 633 et
401 566 467 648 hic,
490 565 621 647 dubit03
641 567 697 631 sed
720 580 751 630 et
772 566 825 630 lric
845 581 960 630 tamen·
976 586 1124 650 auguror
1144 586 1228 648 esse,

205 651 373 738 Famaque
395 652 423 718 si
444 651 563 718 veteris
585 674 652 716 nou
674 667 721 716 est
741 650 876 716 mentita
897 673 932 713 ra
956 649 1043 730 inae,

204 736 273 803 Vos
299 760 427 824 quoque
453 734 565 827 junxit
585 737 703 802 Amor.
755 735 822 836 l’er
850 757 912 835 ego
934 673 1021 800 ilaec
1038 735 1112 799 loca
1134 734 1231 820 plena

749 835 875 886 nmcns

204 905 272 972 Per
292 907 388 972 chaos
409 907 472 973 lroc
492 906 608 993 ingens
628 904 773 991 vastique
793 865 921 970 silenlia
940 903 1049 991 regui,

206 990 408 1081 Eurydices,
430 1006 509 1074 qro‚'
532 1005 703 1091 properata
724 990 862 1055 retexite
883 989 969 1054 fatal

208 1076 330 1141 Omnia
353 1076 511 1142 debentur
530 1076 645 1157 volus,
669 1076 880 1162 paullumque
901 1071 1018 1138 morati

205 1159 320 1226 Serius
341 1176 397 1226 aut
420 1161 514 1226 citius
535 1161 644 1225 sedem
666 1183 877 1248 properamus
898 1159 938 1223 ad
957 1181 1070 1222 unam.

207 1245 390 1311 Tendimus
412 1247 476 1310 huc
497 1268 627 1325 omnes,
651 1247 729 1309 haec
751 1262 798 1309 est
818 1245 933 1309 domus
955 1243 1082 1326 ultima,
1096 1262 1231 1326 sosque

207 1329 353 1396 Humani
374 1331 503 1416 generis
524 1329 712 1431 longissima
733 1351 833 1415 regna
855 1327 981 1393 tenetis.

206 1413 297 1479 Haec
319 1438 464 1501 quoque,
486 1439 562 1480 cum
582 1431 682 1505 qustos
704 1430 828 1479 matura
851 1411 1012 1500 peregerit
1031 1432 1147 1493 annos,

207 1497 296 1565 Juris
318 1500 379 1565 erit
398 1499 507 1564 vestri.
550 1499 618 1564 Pro
638 1523 772 1564 munere
792 1497 954 1587 poscimus
974 1519 1082 1561 mam.

209 1583 307 1667 Quod
331 1584 359 1648 si
382 1585 449 1649 fata
472 1600 592 1668 negant
612 1585 745 1649 veniam
765 1608 824 1670 pro
845 1580 996 1672 conjuge,
1021 1595 1145 1646 certum
1167 1597 1215 1647 est

205 1666 304 1734 Nolle
326 1667 432 1733 redire
454 1668 554 1734 milri:
577 1670 641 1733 leto
664 1670 799 1754 gaudete
820 1669 997 1733 duorum.“

207 1752 305 1818 Talia
327 1752 486 1818 dicentem
509 1776 691 1837 nervosque
712 1753 753 1817 ad
772 1754 874 1819 uerba
896 1764 1081 1817 moventem
1272 1759 1315 1817 to

204 1835 398 1922 Exsangues
423 1839 545 1904 flebant
566 1838 711 1919 auimae3
733 1862 794 1904 nec
814 1838 975 1903 Tantalus
995 1837 1117 1901 undam

206 1920 357 2009 captavit
376 1924 525 2010 refugam
546 1923 729 2010 stupuitque
749 1921 876 1988 Ixionis
898 1921 998 2003 orbis,

152 2064 196 2116 ts.
212 2079 291 2132 passe
303 2063 368 2132 pati
383 2063 471 2127 volni,
499 2063 616 2130 frequens
629 2065 693 2130 apud
805 2057 1084 2127 Haemilies'supsri,
1098 2074 1210 2126 quorun
1221 2079 1314 2117 sum

118 2131 246 2186 Nasonem
259 2135 348 2184 oratio.
361 2133 419 2185 via.
435 2133 495 2184 ller.
509 2132 541 2196 V,
555 2133 599 2184 84.
613 2133 692 2185 Trist.
945 2130 1045 2194 omnia,
1065 2130 1180 2182 credent.

118 2202 159 2268 ll,
173 2203 234 2260 203.
256 2203 308 2266 ill,
323 2205 354 2268 5,
370 2203 412 2255 30.
432 2202 464 2267 V,
478 2204 505 2266 2,
519 2203 563 2255 to.
582 2202 644 2256 Met.
658 2205 692 2268 11,
736 2202 785 2254 Sed
804 2201 911 2266 genuina
929 2201 1053 2267 scriptura
1064 2198 1164 2250 videtur
1176 2198 1312 2266 deleatur,

118 2272 180 2328 482.
202 2272 252 2336 Vl,
267 2273 327 2324 387.
346 2280 372 2324 et
383 2272 452 2323 coul.
466 2271 506 2336 X,
522 2271 581 2326 132.
736 2273 794 2338 quia
806 2272 906 2322 diversa
915 2285 978 2336 quae
986 2269 1311 2334 vocantureubjeensuut:

154 2343 199 2397 27.
218 2343 318 2407 dedito,
331 2358 379 2393 uou
391 2348 460 2393 certo
474 2342 536 2393 scio.
558 2340 632 2393 Cori.
647 2339 691 2404 111,
736 2342 824 2394 omniu
842 2348 869 2391 et
887 2339 957 2405 (noe)
975 2338 1080 2391 morati.
1110 2339 1150 2390 Ad
1162 2341 1313 2394 senentiam

120 2411 181 2463 tlt.
736 2412 803 2462 conf.
818 2410 849 2472 V,
865 2411 925 2461 343.
946 2408 1047 2459 Consol.
1063 2408 1094 2457 ad
1107 2407 1164 2458 Liv.
1180 2425 1206 2459 v.
1224 2409 1282 2462 153.

154 2480 197 2534 28.
218 2481 339 2546 rapinae.
363 2479 460 2529 Alludit
471 2480 551 2546 raptui
565 2479 694 2544 Proserpi
809 2480 951 2532 Tendimus
963 2478 1015 2528 leue
1028 2493 1129 2542 omnes,
1143 2488 1239 2532 metam
1248 2498 1313 2549 pro-

118 2564 182 2612 nao,
203 2551 233 2598 de
247 2565 294 2613 quo
307 2549 358 2596 vid.
372 2547 404 2609 V,
419 2548 466 2598 341
482 2565 600 2613 seqq.-
625 2547 693 2598 Unus
761 2566 765 2576 ·
941 2547 1226 2616 peramnsadimum,·

116 2617 177 2668 Vat.
195 2627 305 2669 ueterem
317 2617 460 2682 rapinum,
482 2619 546 2682 quod
559 2618 612 2667 siue
622 2618 693 2682 justa
840 2617 935 2668 Omnia
947 2619 995 2669 sab
1008 2618 1312 2686 iegesmcrsnoeutatra

118 2702 195 2738 cansa
221 2688 298 2736 edidit
316 2687 480 2736 Burmannus.
523 2686 610 2750 Neque
631 2687 693 2736 illud
944 2705 1018 2740 suus.

117 2757 228 2808 mentitu
252 2764 291 2808 est
315 2771 369 2804 euru
395 2756 452 2804 aliis
471 2755 647 2822 interpretibus
667 2756 692 2804 iu
736 2755 840 2815 Berol.,
855 2754 953 2820 quidam
967 2757 1053 2807 Heius.
1068 2762 1192 2820 etmargo
1207 2760 1247 2809 ed.
1263 2760 1312 2813 Cs-

117 2827 190 2878 modo
211 2826 319 2890 patiendi
332 2824 511 2889 accipiendum.
533 2853 558 2861 -
584 2825 627 2876 29.
645 2842 693 2891 per
734 2826 786 2875 lou.
801 2827 839 2877 ad
850 2825 938 2881 ianam.
959 2825 1057 2890 Reliqui
1070 2825 1108 2876 ad
1116 2842 1211 2878 unam.

117 2913 168 2964 ego
181 2895 246 2945 leaeo
258 2897 334 2955 loen,
355 2894 499 2959 pronomine
511 2894 577 2943 iuter
588 2910 693 2960 praepo·
771 2895 813 2946 35.
834 2896 1008 2962 longissima,
1024 2911 1072 2945 aon
1084 2896 1115 2944 de
1129 2898 1210 2962 spatio
1222 2899 1268 2949 sed
1280 2899 1310 2950 ds

117 2965 232 3016 altionem
252 2972 277 3014 et
296 2980 380 3014 casura
392 2963 472 3029 posito
487 2971 514 3013 ut
526 2978 611 3030 saepe.
632 2963 691 3013 Vid.
734 2972 845 3030 tempore
858 2966 1037 3032 accipiendum.

117 3042 170 3085 not.
184 3036 216 3085 ad
230 3035 290 3085 Her.
304 3034 338 3096 X,
356 3034 398 3084 73.
411 3031 482 3096 Virg.
497 3033 561 3084 Aen.
571 3033 614 3097 lv,
630 3033 691 3084 314.Ι
771 3035 812 3086 36.
832 3043 950 3086 matura.
971 3033 1045 3085 Coni.
1060 3031 1136 3096 xlv,
1152 3032 1213 3085 817.
1234 3035 1308 3105 Pmp.

112 3121 162 3174 per
180 3122 229 3174 ego
248 3104 548 3157 desideriosus-oro.
563 3130 603 3142 -
628 3102 691 3152 Cod.
735 3104 779 3167 1V,
795 3103 838 3166 ll,
854 3104 896 3154 17.
922 3105 1076 3168 immatura,
1091 3118 1154 3168 qaae
1167 3105 1275 3157 moritur
1285 3108 1310 3159 iu

117 3175 232 3237 decem,
258 3175 348 3225 llresd.
376 3181 402 3224 et
425 3189 488 3223 uuus
508 3174 594 3224 lleins.
619 3173 691 3225 eicit.
735 3177 795 3223 flore
813 3174 913 3224 astans.
933 3202 968 3214 -
997 3174 1040 3224 37.
1054 3173 1128 3236 jnris
1146 3175 1200 3226 erit
1218 3179 1307 3230 metri.

117 3244 241 3305 Goth.2.‚
257 3243 412 3306 Grou.‚l'ar.
424 3242 448 3292 1.
458 3243 692 3295 etThu.ninseit.-·
736 3243 810 3294 Coul.
824 3259 849 3294 v.
865 3242 924 3297 724.
935 3271 967 3283 -
980 3244 1308 3309 „premanersaihilaliad

117 3313 160 3364 30.
171 3313 253 3364 chaos
260 3328 335 3380 saepe
345 3313 481 3363 inferorum
490 3314 649 3374 domicilium,
665 3319 692 3363 ut
733 3313 857 3379 poscimus
870 3313 918 3363 uisi
931 3328 1017 3376 usum,
1033 3328 1081 3362 nou
1094 3321 1240 3378 perpetuum
1252 3334 1309 3383 pos-

117 3383 178 3433 lles.
199 3382 296 3444 Theog.
323 3398 348 3431 v.
373 3382 432 3432 700.
457 3382 500 3432 ubi
526 3384 576 3432 vid.
598 3382 691 3433 Gruev.
734 3383 951 3433 sessionem.“-—
966 3382 1008 3433 38.
1018 3382 1131 3444 veniam,
1145 3385 1308 3448 0001001000-

115 3451 188 3504 Fast.
205 3451 247 3513 lv,
263 3452 322 3502 600.
338 3451 416 3502 inane
429 3451 517 3502 eleos.
730 3452 809 3516 jugis.
829 3453 893 3519 Hyg.
907 3451 938 3501 F.
953 3452 995 3501 45.
1029 3451 1149 3503 Pandion
1165 3452 1249 3506 Teren
1266 3477 1308 3512 se.

152 3522 195 3573 31.
211 3531 372 3589 properato,
386 3528 553 3587 praematura.
568 3548 601 3556 -
627 3519 690 3568 lllud
733 3522 897 3586 ostendedit,
911 3521 986 3571 filiam
1001 3536 1072 3585 qnam
1085 3522 1307 3587 petebatcomiten

114 3593 225 3645 retexite
238 3594 325 3642 alludit
339 3591 539 3641 fllisParearum.
549 3587 648 3652 11,654.
659 3615 689 3624 -
734 3592 810 3643 dedit.
820 3620 848 3629 -
865 3599 964 3642 catum
976 3599 1023 3654 est,
1039 3592 1189 3643 destinatum
1199 3603 1248 3646 est.
1262 3599 1305 3662 lX,

116 3662 230 3730 Quinque
244 3662 330 3713 Heius.
345 3668 371 3711 et
382 3677 426 3726 pro
439 3675 464 3708 v.
478 3660 496 3708 1.
511 3658 585 3708 Goth.
600 3659 625 3710 2.
640 3665 688 3708 ret.
734 3660 794 3711 584.
813 3661 851 3711 lle
863 3660 907 3710 illo
919 3661 989 3711 nolle
1000 3661 1085 3711 redire
1096 3662 1148 3711 vid.
1164 3664 1235 3715 adv.
1249 3668 1305 3721 132.

107 3733 171 3796 fila.
200 3731 276 3782 Recte
297 3733 372 3782 etiarn
386 3730 551 3791 dieitursata
564 3735 688 3778 retexere.
768 3728 880 3780 40-47.
899 3729 1014 3780 Jucuuda
1033 3731 1167 3796 descriptio
1182 3750 1214 3784 ex
1226 3737 1306 3789 imita.

115 3802 179 3851 Stat.
195 3802 258 3851 Silv.
280 3802 313 3852 111
323 3840 330 3863 ,
353 3802 382 3862 3,
403 3799 446 3853 ta.
463 3798 556 3847 Parcae
576 3797 691 3846 dicuutur
732 3799 800 3849 tione
819 3798 889 3861 Virg.
905 3800 929 3849 4.
944 3800 963 3849 1.
978 3807 1003 3849 et
1016 3799 1076 3849 llor.
1092 3800 1141 3850 04.
1157 3801 1193 3865 11,
1210 3803 1252 3858 15.
1266 3807 1306 3857 uhi

114 3871 208 3920 celeres
243 3872 372 3937 genitoris
408 3885 493 3920 annos
520 3883 688 3934 properasse.
731 3869 839 3920 Alcaeus
853 3876 878 3917 et
892 3868 989 3934 Sappho
1003 3869 1119 3919 similiter
1130 3884 1233 3927 moveat
1244 3877 1306 3926 iule-

114 3937 246 3988 Claudias.
262 3938 291 3987 ll.
302 3940 328 3991 P.
338 3941 357 3999 1,
369 3941 411 3992 52.
434 3940 534 3990 Parcae
546 3969 557 3978 -
570 3954 637 4006 qnae
649 3953 690 3987 ee·
732 3954 783 3988 ros.
804 3938 841 3987 lle
856 3936 946 3988 fabulis
960 3954 1022 4002 quae
1037 3940 1061 3988 h.
1076 3939 1093 3989 1.
1108 3947 1305 4003 tanguntur-vid.

112 4007 176 4057 riem
185 4011 308 4070 satorum
318 4010 415 4074 pol'iee
427 4011 538 4060 ducunt.
732 4009 762 4057 ad
777 4005 819 4069 tv,
834 4008 885 4057 458
898 4023 968 4071 seqq.

149 4076 192 4126 32.
213 4075 355 4136 dedantur,
373 4078 423 4126 lato
436 4079 561 4127 destinata
573 4083 639 4126 suut.
654 4101 688 4111 —
767 4078 810 4127 42.
832 4079 968 4144 refugum.
988 4076 1027 4125 ab
1036 4076 1125 4127 ovidio
1139 4089 1258 4133 novatum
1265 4099 1307 4133 vo·

114 4146 177 4195 Cod.
192 4145 308 4205 ucesiu,
330 4147 413 4194 Berol.
428 4153 453 4194 et
466 4146 558 4195 Medic.
575 4145 598 4195 1.
614 4145 689 4195 dede·
732 4146 858 4196 eubulum·
881 4146 940 4195 ller.
956 4144 1050 4206 XVlll‚
1068 4146 1127 4197 181.

114 4231 181 4265 mur.
208 4213 264 4264 Eri.
281 4213 322 4276 l.,
337 4214 422 4275 Flos,
437 4211 528 4264 Medic.
544 4215 580 4273 3.,
597 4213 687 4279 Neap,
809 4215 877 4268 Velle
889 4215 954 4283 qnid
965 4216 1308 4287 estnlindsngienmpm.

113 4282 168 4334 Pal.
183 4285 227 4346 2.,
244 4282 321 4347 Spin,
334 4283 393 4333 Vat.
412 4282 447 4343 1.,
463 4281 495 4332 Vl
509 4283 551 4332 alii
566 4283 650 4333 Heius.
663 4291 689 4333 et
941 4286 999 4334 dere
1007 4300 1099 4351 poma,

113 4354 153 4404 ed.
177 4370 214 4418 pr.
234 4353 364 4403 dedemus.
385 4352 513 4401 mendose.
535 4351 631 4416 Reliqui
645 4354 689 4403 de·
835 4353 965 4422 Spemque
976 4372 1024 4406 suo
1036 4357 1259 4425 resugiflnmim'a
1270 4376 1313 4411 ors

113 4423 216 4474 katar.
255 4420 330 4475 Vers.
360 4422 401 4473 15.
428 4421 556 4489 quidquid
578 4424 688 4475 mortale
940 4426 1037 4493 sequi?
1227 4432 1231 4437 '

111 4509 241 4546 emmer.
262 4491 334 4544 Pout.
351 4493 370 4557 1,
387 4490 470 4557 1,77.
730 4490 804 4541 Leid.
823 4496 979 4562 prologum.
1012 4494 1066 4545 Pal.
1090 4495 1115 4546 1.
1136 4499 1262 4564 refluun-
1281 4525 1313 4539 -
