2864 4890
601 169 701 223 blBEll
720 170 765 224 111.
1230 175 1284 232 00

178 327 317 414 Jamque
335 325 429 393 dolor
440 324 537 392 ¹vires
559 323 682 407 adimit,
702 347 764 389 nec
783 338 928 412 tempora
947 323 1035 392 vitae

74 446 76 456 =
179 413 295 500 Longa
316 434 408 477 meae
427 425 593 499 superent,
615 410 786 497 primoque
807 408 1000 497 exstinguor
1023 411 1059 476 in
1081 433 1177 483 aevo.
1221 418 1285 481 470

177 497 248 565 Ν44
271 496 352 562 mihi
374 518 461 561 mors
483 495 593 582 gravis
616 510 662 560 est
680 492 828 644 posituro
849 511 954 562 morte
976 496 1124 580 dolores3

178 581 254 663 Hic,
278 581 334 666 qui
355 579 515 666 diligitur,
537 580 658 646 vellem
703 577 866 644 iuturnior
888 595 989 646 esset:

177 667 276 733 Nunc
297 666 360 731 duo
381 664 556 729 concordes
578 663 686 729 anima
708 663 887 728 moriemur
907 664 943 729 in
960 668 1067 731 una.“

78 828 81 841 Ι
178 750 289 831 Dixit,
315 765 346 815 et
367 749 408 813 ad
429 748 547 813 faciem
566 748 663 813 rediit
684 749 887 813 malesanus
909 750 1056 833 eandem,

178 835 222 901 Et
241 833 386 914 lacrimis
408 832 552 900 turbavit
573 856 683 918 aquas,
707 833 907 917 obscuraque
927 849 1016 899 moto
1221 845 1283 905 475

178 919 315 986 Reddita
339 919 445 982 forma
468 919 542 983 lacu
562 934 619 983 est.
665 916 774 1001 Quam
796 940 871 982 cum
890 917 1025 983 vidisset
1046 918 1147 1003 abire,

180 1003 285 1089 „Quo
306 1001 456 1087 refugis?
499 1001 643 1068 Romane
664 1025 724 1065 nec
745 1026 809 1084 me,
834 1001 986 1083 crudelis,
1008 1020 1168 1072 amantem

181 1089 357 1155 Desere!“
381 1085 552 1152 clamavit:
575 1085 705 1170 „liceat,
728 1086 813 1171 quod
837 1101 970 1171 tangere
991 1111 1058 1152 non
1080 1105 1138 1174 est,

180 1173 373 1260 Adspicere,
396 1185 428 1236 et
448 1171 567 1236 misero
590 1172 746 1258 praebere
769 1171 921 1235 alimenta
943 1172 1090 1239 furori.“

181 1257 336 1342 Dumque
358 1256 456 1338 dolet,
477 1279 603 1320 summa
626 1271 748 1320 vestem
770 1256 906 1321 deduxit
926 1257 966 1320 ab
990 1279 1059 1339 ora,
1223 1269 1285 1329 480

181 1341 341 1426 Nudaque
363 1341 554 1406 marmoreis
576 1339 735 1428 percussit
756 1356 885 1426 pectora
907 1341 1034 1428 palmis.

183 1427 320 1492 Pectora
341 1439 513 1491 traxerunt
530 1441 660 1491 tenuem
681 1448 830 1511 percussu
850 1425 1006 1490 ruborem

183 1510 261 1577 Nou
283 1510 388 1590 aliter,
414 1534 511 1594 quam
532 1533 630 1597 poma
652 1511 767 1591 solent,
793 1532 885 1594 quae,
907 1509 1043 1576 candida
1060 1529 1164 1602 parte,

184 1596 282 1661 Parte
303 1596 433 1677 rubent,
455 1610 511 1660 eut
532 1610 567 1660 ut
581 1593 689 1678 ‘variis
711 1594 792 1659 solet
812 1617 878 1659 uva
888 1596 1036 1661 ‘racemis

182 1679 314 1746 Ducere
334 1703 535 1768 purpureum
560 1681 705 1744 nondum
731 1695 856 1744 mature
874 1681 1027 1747 colorem.
1224 1695 1285 1754 485

184 1765 277 1846 Quae
298 1765 396 1833 simul
414 1765 561 1851 adspexit
582 1764 752 1850 liquefacta
775 1787 887 1829 rursus
906 1763 942 1828 in
962 1766 1063 1851 unda,

182 1849 257 1916 Non
285 1849 358 1914 tulit
378 1849 524 1931 ulterius,
547 1850 615 1931 sed,
639 1863 677 1913 ut
696 1850 895 1914 intabescere
916 1851 1021 1917 flavae

183 1934 264 2020 lgue
286 1934 352 2002 levi
377 1957 468 1999 cerae
489 1936 727 2017 matutinaeque
747 1934 884 2021 pruinae

183 2018 261 2086 Sole
283 2033 408 2106 tepente
428 2020 550 2084 solent:
572 2019 617 2083 sic
640 2033 819 2083 attenuatus
841 2041 953 2082 amore

180 2103 346 2187 Liquitur‚
369 2116 400 2166 et
421 2125 515 2166 caeco
536 2101 706 2188 paullatim
728 2102 872 2188 carpitur
890 2102 977 2187 igni3
1225 2118 1288 2178 490

180 2188 224 2253 Et
243 2209 347 2268 neque
367 2184 434 2274 jam
456 2187 546 2249 color
568 2201 616 2248 est
636 2185 742 2248 mixto
767 2186 907 2249 candore
929 2186 1056 2268 rubori,

181 2272 254 2336 Nec
274 2269 372 2353 vigor
393 2284 425 2333 et
445 2268 532 2333 vires
555 2284 586 2333 et
606 2291 688 2352 quae
709 2268 806 2331 modo
827 2267 898 2333 visa
920 2270 1101 2355 placebant,

184 2353 256 2420 Nec
278 2376 394 2439 corpus
414 2368 570 2435 remanet,
593 2353 754 2440 quondam
776 2354 861 2436 quod
884 2372 1049 2421 amaverat
1069 2357 1173 2428 Ecbo-

185 2439 279 2523 Quae
302 2452 407 2501 tamen
427 2452 464 2502 ut
484 2437 578 2520 vidit,
600 2437 747 2524 quamvis
766 2437 849 2502 irata
870 2463 1069 2525 memorque,

178 2521 335 2602 Indoluit,
358 2522 543 2608 quotiesque
561 2547 646 2623 puer
666 2521 859 2588 miserabilis
881 2521 1055 2604 „Ilbeul“
1221 2544 1283 2601 495

181 2607 336 2687 Dixerat,
359 2609 439 2671 baec
461 2631 584 2673 resonis
606 2608 744 2672 iterabat
765 2608 900 2674 vocibus
923 2608 1113 2696 „Eheu!“;

182 2690 329 2777 cumque
350 2714 425 2757 suos
447 2692 597 2758 manibus
617 2707 819 2780 percusserat
838 2692 896 2758 ille
915 2695 1064 2780 lacertos,

133 2849 193 2901 479.
209 2854 348 2916 ruperunt,
360 2855 502 2915 supersunt.
713 2848 765 2913 lX,
786 2850 830 2900 49.
861 2877 896 2891 -
930 2851 992 2902 486.
1017 2852 1162 2921 liquefacta
1184 2873 1288 2930 rursus,

133 2919 195 2970 478.
214 2920 303 2970 animo
315 2946 343 2954 κ
353 2919 380 2970 iu
391 2935 456 2984 unu,
470 2920 526 2968 doru
539 2934 602 2968 uuus
616 2918 671 2968 441-
713 2919 738 2968 b.
748 2936 772 2969 e.
781 2935 867 2969 rursus
876 2919 977 2986 liquida,
987 2924 1115 2987 perlucida
1123 2928 1200 2993 lacte,
1215 2946 1288 2995 quam

93 3004 163 3040 mum
177 2990 285 3038 exhalat.
317 2986 354 3036 De
366 2989 490 3039 sententia
507 2988 557 3038 vid.
572 2997 624 3039 not.
638 2988 670 3038 ad
713 2995 770 3038 unte
783 2988 893 3038 lacrimis
906 2990 957 3040 suis
965 2992 1088 3043 turbarat.
1103 2994 1204 3048 14475.
1218 3000 1290 3054 lnso.

93 3058 158 3121 Xll,
172 3058 232 3113 229.
246 3064 272 3108 ct
285 3055 327 3120 lV,
342 3056 402 3108 198.
711 3057 813 3107 lentiori
825 3056 894 3107 Naso
906 3059 933 3105 h.
946 3059 965 3107 l.
979 3060 1083 3108 verbum
1099 3063 1145 3113 boc
1164 3068 1290 3130 significa.

133 3126 195 3178 474.
216 3127 387 3193 malesanus,
399 3127 512 3176 insanus.
555 3182 558 3195 Ι
713 3127 781 3176 tione
793 3127 885 3192 posuit.
912 3125 986 3176 Couf.
995 3134 1048 3177 not.
1061 3130 1093 3179 ad
1106 3130 1126 3193 l,
1140 3135 1184 3188 23.
1199 3144 1225 3187 et
1235 3140 1289 3191 qvid,

134 3195 195 3248 477.
215 3194 283 3246 Unus
301 3194 376 3247 Voss.
402 3199 461 3264 Quo
475 3193 578 3262 suges?
597 3211 612 3245 o
630 3211 672 3244 re·
713 3194 789 3247 Voss.
804 3195 834 3244 ud
848 3193 919 3256 Virg.
935 3194 1028 3261 Georg.
1042 3196 1062 3261 l,
1077 3199 1138 3252 404.

94 3281 186 3319 mune.
195 3291 229 3305 --
242 3263 277 3317 lV
290 3264 385 3316 lleinsii
398 3282 449 3333 quo
459 3266 545 3332 tugis,
557 3279 671 3314 remoue.
751 3263 813 3313 488.
827 3263 942 3316 Heinsius
956 3267 986 3316 de
1000 3283 1044 3317 suo
1056 3270 1133 3322 tacite
1143 3273 1221 3325 edidit
1232 3293 1291 3330 ma-

94 3335 154 3388 Pel.
176 3335 201 3385 1.
222 3351 303 3403 quoue
320 3336 402 3402 sugis
422 3350 537 3386 remane.
575 3331 674 3398 Reliqui
716 3332 858 3384 tutinuevc.
880 3362 910 3372 —
930 3335 990 3386 499.
1010 3340 1137 3408 carpitur.
1165 3345 1239 3398 (1441.
1254 3348 1288 3413 11,

96 3421 185 3457 omues
197 3420 252 3454 cum
264 3410 327 3454 vett.
341 3404 399 3455 edd.
421 3420 474 3472 quo
493 3402 616 3471 refugis?
633 3419 674 3453 re·
718 3400 777 3453 781.
804 3430 837 3443 -
863 3420 939 3455 44444
958 3408 1076 3460 exhibent
1092 3411 1184 3466 Medic.
1203 3417 1240 3482 3.,
1265 3416 1291 3471 V

94 3492 185 3527 ncne.
223 3473 312 3524 Porum
336 3489 397 3523 sane
421 3475 551 3536 eleganter
573 3479 675 3538 propter
717 3471 814 3536 Heius,
828 3471 919 3525 Dresd.
933 3491 949 3525 u
961 3493 1038 3544 corn,
1056 3480 1091 3532 Vl
1104 3483 1191 3536 Heius.
1204 3503 1249 3552 pro
1262 3502 1289 3538 v.

95 3545 191 3610 duplex
208 3543 271 3595 11144
288 3561 333 3605 re,
357 3543 405 3593 nisi
427 3551 483 3610 post
495 3543 556 3594 illud
568 3543 673 3611 refugis
714 3541 733 3591 l.
755 3549 781 3592 et
798 3543 839 3593 ed.
860 3560 898 3610 pr.
935 3546 1025 3600 Dresd.
1046 3550 1100 3601 al.
1114 3569 1159 3616 m.,
1180 3555 1289 3619 Ρ41.2.,

96 3614 235 3665 ontionem
248 3613 384 3679 paullisper
390 3613 527 3663 subsistere
535 3612 671 3676 intelligas.
715 3611 773 3663 Par.
786 3611 843 3668 1.2.
853 3621 879 3665 et
890 3615 979 3681 reliqui
993 3626 1069 3684 tecto,
1078 3623 1143 3683 quod
1155 3623 1290 3683 genuinum

131 3683 194 3735 478.
212 3690 325 3747 nonest,
338 3698 387 3732 444
400 3683 469 3734 licet.
712 3681 821 3733 videtur.
842 3683 938 3749 Berol,
953 3687 1056 3747 Dresd,
1072 3687 1194 3752 11442..
1215 3690 1289 3744 Vrat,

131 3752 193 3805 479.
207 3751 306 3817 sorori,
319 3752 407 3802 414441.
714 3757 740 3801 ct
752 3752 792 3802 ed.
806 3769 845 3818 pr.
858 3755 931 3821 igne.
951 3778 986 3790 -
1005 3755 1122 3804 Formula
1135 3774 1211 3809 44444
1230 3778 1291 3814 444.

130 3821 193 3873 489.
216 3839 319 3873 murano
337 3821 447 3875 deduxit
466 3821 500 3873 44
519 3838 576 3873 oro.
607 3819 672 3872 blire
710 3822 788 3888 pitur
799 3822 861 3888 igni
871 3822 963 3883 legitur
975 3821 1128 3888 etianirg.
1136 3827 1288 3897 Aen.lV‚2.

94 3891 196 3942 vanans
207 3891 264 3942 libri
277 3898 386 3954 veteres,
394 3893 435 3956 qui
447 3891 500 3941 iere
509 3906 672 3941 4444444444-
694 3948 696 3952 v
749 3890 810 3944 492.
836 3906 883 3939 nec
906 3889 983 3955 vigor
1006 3894 1032 3943 'et
1054 3892 1121 3945 eires
1144 3899 1181 3940 -'
1198 3903 1290 3969 ploce-

93 3977 138 4013 444
148 3961 184 4012 ud
197 3977 240 4012 ore
252 3961 359 4011 etmulti
372 3962 446 4011 etium
459 3958 574 4012 diduxit.
593 3959 671 4010 Sum*
714 3959 789 4010 bant.
803 3955 910 4020 Negatio
923 3959 954 4009 44
967 3966 1044 4015 totum
1056 3979 1155 4020 versum
1167 3972 1289 4029 refertur,

93 4047 141 4082 m
153 4031 188 4082 44
208 4047 255 4081 ora
274 4029 377 4080 exhibet
388 4030 463 4081 Goth.
477 4031 504 4083 2.
524 4036 551 4078 et
567 4045 671 4079 4444444
711 4027 748 4090 Χ,
763 4027 807 4078 92.

92 4100 206 4152 deducit
218 4101 253 4151 ud
266 4117 313 4150 ora
324 4107 426 4151 tuentur
433 4099 546 4150 Gron.et
554 4096 588 4146 lV
596 4097 672 4146 lleiu·
749 4095 810 4145 494.
829 4111 925 4164 „quae
942 4105 1030 4154 tamen
1049 4103 1153 4173 (Echo)
1174 4118 1206 4163 ut
1224 4112 1290 4168 uidit

92 4169 138 4220 sii.
161 4172 273 4221 Summo
286 4171 320 4220 ab
332 4186 390 4234 ore,
404 4184 419 4219 4
432 4169 497 4218 44114
510 4165 552 4216 411
565 4181 610 4215 444
628 4180 673 4215 ve·
715 4164 958 4227 (miseramllurcissi
965 4174 1079 4239 sortem),
1089 4181 1207 4243 44444444
1215 4182 1289 4238 irata

91 4238 151 4291 stis.
188 4240 294 4292 didtwit
317 4254 364 4289 444
390 4238 452 4289 satis
476 4235 593 4286 convenit
621 4233 672 4284 illis
714 4250 874 4305 memorque,
893 4239 1020 4311 indoluit,
1040 4253 1081 4310 et,
1102 4249 1224 4314 quoties,
1240 4288 1247 4303 ,
1264 4289 1288 4320 ,‚

91 4310 316 4362 4444444444.
342 4308 416 4359 11441.
430 4305 462 4371 V,
477 4306 538 4359 398.
713 4302 779 4356 baec
794 4315 842 4359 ete.

128 4380 191 4431 481.
205 4377 364 4444 4444444444,
377 4378 498 4428 candidis.
513 4375 587 4427 (1441.
597 4373 670 4438 Χ111,
748 4375 809 4428 495.
828 4377 904 4430 electe.
924 4378 965 4429 Sic
978 4381 1054 4431 tocite
1068 4381 1184 4437 Heinsius
1199 4389 1292 4475 edidit,¹

92 4448 156 4500 7411.
173 4477 201 4486 -
217 4450 279 4500 482.
291 4447 397 4502 tradere
408 4448 460 4514 i.q.
474 4447 599 4500 ducerev.
607 4445 669 4497 485.
714 4447 778 4511 quod
797 4447 894 4510 derel,
916 4447 990 4499 Goth.
1005 4450 1044 4510 2.,
1064 4448 1162 4518 Rieu,
1176 4455 1249 4508 Vret.
1263 4462 1289 4507 et

91 4518 171 4570 Cori.
184 4534 211 4570 v.
231 4517 294 4571 399.
313 4515 381 4585 Vlll,
403 4516 464 4572 743.
483 4524 509 4570 ct
526 4515 600 4581 Virg.
612 4515 669 4568 1141.
712 4523 775 4569 vett.
788 4517 847 4568 444.
860 4522 971 4568 tuentur.
994 4517 1066 4569 Multi
1077 4518 1191 4576 4441144.

371 4706 417 4773 t&
