2864 4890
465 156 792 214 Hlll'AAlOllPllOSllON
820 160 950 215 SlllllES.
1217 162 1304 215 xxm

109 311 169 395 lo,
192 334 291 398 quam
311 308 440 398 Jupiter
465 326 539 400 post
567 325 717 403 stuprum
740 311 777 378 in
803 310 978 403 juvencam
1005 327 1157 381 mutarat.
1208 313 1303 398 Quas

110 438 191 480 cum
212 414 253 478 ab
272 410 418 497 Iunone,
449 437 531 500 quae
552 438 623 479 eam
644 415 685 478 ab
705 411 788 482 Jove
817 415 1036 504 expetiverat,
1065 415 1160 502 Argo
1190 430 1301 480 cento·

112 517 190 582 culo
216 514 423 581 custodienda
445 531 526 583 esset
545 516 679 599 tradita,
709 517 797 582 hunc
818 517 1019 600 Mercurius,
1049 531 1181 582 narrata
1202 540 1301 605 nym-

110 619 196 706 phae
218 613 370 707 Syringis
390 617 426 683 in
447 619 640 684 arundinem
659 619 962 703 transformatione,
987 618 1108 710 sopivit
1128 633 1223 705 atque
1244 641 1300 683 oc·

112 719 205 804 cidit,
229 719 321 810 cujus
344 720 430 785 oculi
452 721 567 786 deinde
587 719 748 789 alunone
762 721 804 797 in
824 721 973 810 pavonis,
996 720 1066 787 avis
1087 744 1175 803 suae,
1199 719 1301 787 cauda

111 821 260 888 collocati
280 837 368 888 sunt.
411 823 502 889 Tum
522 822 559 889 lo
582 823 751 912 pristinam
779 821 925 888 mulieris
955 823 1096 889 formam
1122 820 1243 913 recepit
1263 845 1301 887 ac

113 923 229 990 deinde
257 923 316 988 dea
344 925 430 991 facta
461 940 520 992 est.
578 925 628 990 Ea
655 924 782 1017 peperit
808 922 994 1013 Epaphum.
1044 924 1113 1010 Qui
1137 949 1212 990 cum
1239 922 1302 989 ali-

112 1026 243 1112 quando
263 1025 476 1110 Phaethonti,
495 1027 622 1094 Phoebi
644 1042 676 1097 et
704 1025 879 1117 Clymenes
903 1026 990 1112 lilio,
1020 1025 1209 1118 Apollinem
1236 1025 1301 1090 fal·

113 1150 186 1193 sum
207 1151 246 1194 ac
266 1129 378 1194 fictum
399 1126 467 1219 ejus
489 1153 557 1196 esse
578 1144 721 1220 patrem,
743 1127 909 1221 objecisset
916 1154 927 1211 3

198 1329 276 1396 Lib.
296 1327 342 1396 ll.
384 1329 445 1398 llle
459 1355 478 1401 a
492 1347 583 1423 patre
597 1331 634 1397 in
648 1331 765 1419 pignus
786 1353 884 1398 verae
904 1329 1012 1419 stirpis
1027 1329 1173 1417 regimen
1188 1351 1303 1394 currus

114 1432 230 1498 solaris
243 1432 280 1498 in
293 1457 395 1499 unum
410 1435 496 1500 diem
510 1434 618 1523 petiit:
635 1458 698 1519 quo
713 1433 884 1521 impetrato
899 1448 986 1499 terra
998 1434 1041 1498 ab
1055 1455 1094 1499 eo
1104 1429 1301 1513 incenditur,

115 1559 179 1621 quo
194 1534 344 1601 incendio
359 1536 539 1628 Aethiopes
560 1536 660 1622 nigri,
682 1535 790 1624 Libya
806 1534 895 1601 arida
917 1537 1013 1619 facta,
1036 1535 1180 1619 aliaeque
1194 1548 1302 1599 trans·

113 1637 324 1704 formationes
345 1654 447 1706 ortae.
489 1639 725 1706 Phaethontem
751 1653 859 1704 autem
880 1638 997 1704 deinde
1015 1635 1143 1725 Jupiter
1163 1634 1303 1701 fulmine

115 1740 273 1828 percussit
280 1765 290 1820 ;
313 1764 409 1826 quem
436 1767 511 1808 cum
542 1765 690 1825 sorores,
719 1739 891 1822 Heliades,
920 1755 952 1806 et
981 1738 1115 1829 Cygnus
1144 1751 1302 1824 cognatus

114 1841 280 1927 lugerent,
300 1842 376 1909 illae
397 1843 434 1911 in
455 1845 605 1937 arbores,
629 1842 764 1934 Cygnus
785 1841 820 1907 in
850 1867 995 1933 cygnum
1026 1865 1120 1908 avem
1145 1852 1301 1904 mutatur.

113 1941 202 2009 Hinc
221 1941 349 2032 Jupiter
367 1947 504 2013 lustrato
527 1947 618 2011 coelo
640 1961 671 2013 et
690 1962 796 2026 terra,
826 1945 966 2032 nequid
994 1945 1035 2010 ab
1061 1941 1212 2009 incendio
1241 1940 1300 2004 illo

113 2046 255 2129 labaret,
278 2046 319 2112 ad
339 2070 483 2113 amorem
506 2046 692 2114 Callistonis
715 2047 837 2113 exarsit
867 2071 1002 2133 eamque
1026 2044 1197 2136 stupravit.
1246 2041 1300 2107 Ob

112 2148 174 2214 hoc
195 2148 278 2214 irata
304 2145 392 2215 Juuo
422 2146 633 2213 Callistouem
661 2148 698 2212 in
725 2171 838 2212 ursam
865 2148 1042 2229 convertit,
1071 2170 1173 2231 quam,
1191 2157 1301 2233 postea

113 2251 219 2317 Arcas
240 2274 285 2314 ex
305 2249 370 2312 illis
384 2248 589 2335 amplexibus
612 2262 701 2312 ortus
721 2247 807 2316 filius
820 2247 932 2332 sagitta
946 2249 1162 2314 transfixurus
1182 2269 1202 2308 a
1220 2241 1303 2311 Jove

110 2349 276 2418 cohibitus
298 2362 360 2431 est,
384 2348 439 2433 qui
460 2363 490 2414 et
509 2347 616 2419 filium
636 2363 667 2415 et
687 2363 824 2413 matrem
843 2349 903 2413 sub
924 2348 1056 2419 nomine
1075 2346 1180 2414 Ursae
1199 2341 1304 2434 majo·

110 2453 156 2519 ris
179 2466 214 2516 et
234 2449 371 2516 minoris
391 2449 498 2516 sidera
525 2450 614 2521 fecit.
666 2449 777 2536 Quare
802 2451 883 2522 irata
909 2448 996 2518 Juno
1033 2474 1108 2520 cum
1134 2448 1303 2516 Oceanum

115 2554 243 2620 adiisset
268 2566 300 2617 et
323 2552 364 2617 ab
391 2575 429 2617 eo
458 2551 678 2639 impetrasset,
716 2577 758 2624 ue
785 2575 871 2619 nova
909 2552 1017 2618 sidera
1045 2575 1189 2637 unquam
1216 2548 1301 2615 mari

114 2656 355 2752 tinguerentur,
381 2654 482 2724 relata
504 2654 607 2720 estin
629 2654 757 2720 coelum
785 2655 986 2722 trahentibus
1009 2678 1142 2721 currum
1161 2650 1300 2740 pavoni-

113 2760 190 2841 bus,
213 2779 353 2845 quorum
373 2756 494 2822 caudae
516 2755 596 2822 olim
616 2756 702 2843 Argi
723 2757 819 2822 caede
846 2758 989 2822 stellatae
1007 2757 1111 2823 factae
1130 2754 1200 2823 sive
1221 2777 1301 2819 ocu-

112 2862 154 2927 lis
178 2859 363 2942 distinctae,
397 2857 480 2924 sicut
506 2882 612 2946 nuper
641 2882 759 2928 corvus
787 2883 832 2953 ex
861 2859 937 2929 albo
967 2858 1060 2946 niger
1085 2858 1190 2925 factus
1219 2868 1300 2937 erat,

114 2986 192 3029 cum
213 2959 360 3031 cornicis
380 2959 526 3043 monitis,
549 2983 631 3046 quae
651 2960 703 3026 illi
724 2976 756 3026 et
775 2985 867 3029 suam
888 2960 925 3031 in
946 2960 1110 3028 cornicem
1133 2975 1164 3025 et
1180 2955 1301 3050 Nycti-

112 3087 224 3130 menes
244 3063 280 3128 iu
298 3077 449 3129 noctuam
470 3062 788 3133 transformationem
807 3079 974 3145 narraret,
994 3086 1061 3127 nou
1084 3062 1302 3151 obtemperas·

113 3183 162 3234 set
169 3212 180 3249 ,
223 3165 278 3231 sed
307 3162 478 3230 Coronidis
513 3163 709 3253 adulterium
740 3164 908 3253 Apollini,
945 3162 1001 3251 qui
1035 3161 1127 3232 illam
1162 3161 1301 3242 amabat,

113 3269 287 3336 retulisset.
329 3264 358 3330 E
382 3263 546 3336 Coronide
566 3281 661 3331 natus
692 3281 761 3332 erat
781 3266 1011 3354 Aesculapius,
1041 3264 1095 3332 cui
1118 3264 1154 3330 in
1182 3260 1301 3327 Cbiro·

114 3370 165 3437 nis
185 3386 317 3436 autrum
339 3367 444 3432 delato
464 3366 654 3456 Ocyrrhoe‘,
688 3365 840 3433 Chironis
865 3366 932 3435 filia
960 3368 1111 3452 fatidica,
1141 3367 1218 3433 dum
1245 3365 1301 3428 fu-

116 3488 191 3538 tura
223 3469 400 3563 praedicit,
436 3469 473 3533 in
501 3492 616 3555 equam
646 3469 859 3537 convertitur.
908 3470 1009 3538 Pater
1036 3468 1105 3562 ejus
1139 3468 1301 3537 auxilium

116 3573 298 3660 Apollinis,
333 3568 385 3637 dei
413 3569 580 3654 vaticinii,
618 3571 742 3636 frustra
770 3573 942 3661 implorat,
978 3573 1053 3660 quia
1081 3573 1138 3639 ille
1165 3588 1236 3637 tum
1265 3568 1301 3631 in

113 3674 209 3741 Elide
229 3676 358 3755 aberat,
382 3688 413 3739 et
438 3673 485 3738 ibi
504 3672 643 3762 pastoris
666 3674 776 3740 forma
803 3690 932 3764 accepta
959 3691 1105 3741 armenta
1138 3669 1300 3760 pascebat,

114 3779 220 3843 bubus
247 3792 356 3842 tamen
382 3774 442 3840 illo
473 3791 620 3863 tompore
655 3793 787 3865 propter
815 3802 940 3846 novum
969 3777 1130 3861 quendam
1157 3795 1301 3837 amorem

113 3879 281 3967 neglectis.
331 3877 428 3962 Quod
457 3877 623 3946 Mercurio
654 3902 708 3944 eas
735 3879 871 3945 furandi
899 3875 1171 3964 opportunitatem
1202 3874 1300 3965 dedit,

114 3981 170 4068 qui
199 3980 317 4046 deinde
344 3978 477 4046 Battum
505 3982 546 4047 ob
577 3982 704 4046 furtum
731 3981 898 4068 proditum
924 3977 960 4043 in
987 3979 1126 4069 lapidem
1152 3978 1301 4045 mutavit·

114 4082 196 4150 lnde
218 4083 354 4150 avolans
381 4081 564 4147 Mercurius
589 4081 737 4164 Hersen,
769 4079 920 4170 Cecropis
949 4083 1158 4150 Atheniensis
1186 4080 1300 4160 filiam,

113 4201 219 4269 amat,
256 4184 310 4250 cui
335 4184 414 4249 dum
441 4182 568 4251 invidet
594 4183 762 4269 Aglaurus
789 4207 900 4267 soror,
932 4184 969 4252 in
999 4209 1119 4251 saxum
1148 4182 1299 4250 vertitur.

113 4286 196 4354 lnde
224 4287 261 4352 in
292 4286 475 4378 Olympum
510 4308 681 4353 reversum
707 4282 834 4374 Jupiter
861 4289 962 4355 boves
992 4286 1178 4372 Agenoris,
1216 4283 1301 4370 regis

112 4389 332 4474 Phoeniciae,
357 4389 399 4456 ad
419 4389 497 4457 litus
518 4387 650 4479 abigere
669 4386 781 4483 jussit,
804 4405 873 4456 tum
894 4390 1021 4482 ipsein
1048 4389 1136 4456 tauri
1162 4386 1302 4475 speciem
