2864 4890
373 1043 436 1131 P.
466 1041 711 1131 OVIDII
747 1037 1066 1128 NASONIS

168 1181 1275 1364 Mnrnuonenosnou

343 1486 506 1555 LIBER
550 1485 798 1574 QUINTUS
833 1479 1093 1553 DECIMUS.

639 1709 805 1722 ——u-

95 1960 99 1968 ,
214 1840 426 1976 Quaeritur
446 1889 591 1972 interea,
614 1889 685 1976 quis
706 1904 813 1955 tantae
835 1890 977 1977 pondera
1000 1889 1097 1954 molis

161 2048 173 2061 Γ,
211 1971 376 2039 Sustineat
397 1990 549 2059 tantoque
571 1991 665 2060 queat
684 1976 855 2040 succedere
876 1975 958 2059 regi.

209 2056 362 2124 Destinat
379 2058 517 2145 imperio
540 2061 664 2123 ciarum
685 2058 878 2146 praenuntia
899 2059 973 2125 veri

208 2141 310 2206 Fama
331 2142 486 2208 Numam.
529 2143 607 2208 Non
626 2144 682 2208 ille
703 2144 779 2207 satis
802 2167 957 2229 cognosse
978 2139 1122 2208 Sabinae

211 2226 322 2291 Gentis
345 2228 442 2291 habet
463 2227 563 2304 ritus3
590 2229 698 2292 animo
721 2225 844 2316 majora
867 2227 977 2314 capaci
1293 2231 1308 2285 t

209 2308 378 2397 Concipit,
403 2327 433 2376 et
456 2336 536 2396 quae
557 2312 598 2376 sit
619 2336 729 2376 rerum
752 2329 867 2375 natura
888 2309 1035 2396 requirit.

207 2392 315 2480 Hujus
338 2419 430 2459 amor
452 2421 566 2478 curae,
590 2396 692 2482 patria
716 2395 919 2480 Curibusque
943 2393 1076 2475 relictis,

206 2475 313 2559 Fecit,
335 2496 371 2544 ut
392 2479 547 2546 Herculei
569 2496 751 2568 penetraret
773 2482 813 2544 ad
835 2479 969 2567 hospitis
988 2481 1116 2544 urbem.

1135 2586 1173 2600 Q

193 2683 218 2733 1.
239 2683 472 2736 NamaeSabinis
487 2687 601 2738 Crotona
613 2685 694 2754 profi·
774 2687 800 2737 3.
825 2687 934 2737 clanim.
976 2685 1033 2736 Liv.
1057 2685 1077 2735 1.
1098 2701 1124 2734 c.
1148 2683 1189 2733 18.
1217 2684 1311 2735 inclita

122 2752 245 2814 circitor,
269 2761 300 2804 ut
325 2754 362 2803 ibi
383 2755 625 2821 Pythagor-aeorum
651 2758 697 2805 tlo-
733 2757 846 2820 justitia
864 2757 1010 2822 religioque
1026 2773 1059 2806 ea
1079 2761 1232 2819 tempestate
1250 2752 1310 2802 Na-

121 2823 236 2873 cirinum
249 2831 424 2887 cognosceret.
465 2823 517 2875 Ubi
527 2826 601 2875 urbis
614 2825 696 2891 origi·
737 2844 797 2876 anae
818 2827 940 2891 Pompilii
956 2832 1023 2875 erat.
1037 2852 1072 2862 -
1098 2821 1309 2873 consultissimus

120 2907 178 2942 nem
208 2893 346 2957 quaerenti
367 2901 510 2954 narratur,
537 2893 693 2962 Myscelam,
737 2897 779 2945 oir
798 2896 880 2945 omnis
906 2894 987 2944 divini
1008 2900 1088 2959 atque
1106 2891 1219 2942 humani
1230 2892 1309 2953 juris.

120 2960 361 3023 Alcmonisfilz‘um,
376 2962 520 3028 Argivum,
536 2965 568 3014 ab
584 2965 696 3015 Hercule
738 2965 812 3014 (Ioni.
827 2965 893 3014 Flor.
908 2963 927 3013 1.
942 2978 965 3012 c.
980 2963 1006 3016 2.
1021 2969 1047 3010 et
1060 2961 1130 3011 Fast.
1141 2961 1184 3022 111,
1199 2961 1308 3025 libsqq.

118 3029 223 3092 jussam
240 3031 329 3081 arbem
348 3030 475 3082 initalia
495 3034 698 3099 cmdere.·Qui
737 3063 771 3074 -
791 3033 954 3099 praenuntia
978 3030 1040 3082 veri.
1077 3029 1152 3092 Virg.
1175 3030 1242 3080 Aen.
1267 3027 1307 3094 lt,

120 3117 179 3150 cum
198 3101 321 3166 patriam
337 3101 483 3167 relinquere
501 3105 641 3168 voluisset,
662 3105 694 3152 ob
738 3103 797 3154 188.
811 3103 889 3152 Fainu

120 3186 178 3218 eam
192 3186 303 3220 causam
320 3169 348 3219 in
358 3168 407 3231 jas
419 3180 542 3222 vocatum
559 3189 695 3238 omnesque
810 3170 878 3221 Tam
889 3170 953 3235 ficti
971 3167 1105 3235 pravique
1123 3175 1208 3219 tenua
1233 3183 1307 3235 quan

120 3238 215 3288 ciuium
227 3239 343 3287 calculos
356 3247 428 3290 atros
447 3241 474 3288 in
487 3242 561 3292 albos
579 3249 695 3292 mutatos
944 3239 1039 3288 nantia
1059 3238 1123 3287 ocri.

119 3322 185 3355 esse.
221 3309 278 3372 Quo
293 3308 534 3368 sactoabsolutum
552 3312 695 3377 emigrasse
772 3308 798 3357 4.
823 3307 940 3357 Sabinae
963 3307 1062 3372 gentis.
1099 3305 1159 3357 Liv.
1181 3307 1202 3357 1.
1222 3323 1246 3357 c.
1267 3306 1304 3357 18.

119 3382 145 3425 et
160 3374 276 3424 Crotona
290 3376 441 3425 candidate.
475 3376 531 3426 Vid.
548 3378 632 3428 Strab.
647 3379 691 3429 Vi.
738 3375 841 3440 (Numa)
875 3377 991 3427 Caribus
1021 3375 1132 3426 Sabinis
1156 3375 1303 3428 habitabat.

121 3442 146 3492 1.
165 3431 213 3492 lt(
226 3441 313 3491 Livius
326 3442 357 3492 L.
373 3443 393 3493 1.
413 3443 517 3494 Numam
531 3449 630 3498 auriisse
644 3448 693 3516 Py·
736 3447 816 3496 Cures
829 3452 911 3494 autern
929 3453 1002 3511 caput
1018 3445 1130 3506 regionis
1144 3445 1263 3496 Sabinae.
1277 3471 1304 3484 -

118 3514 248 3575 thagorarn
269 3512 386 3574 gravibus
411 3517 562 3574 argumentis
587 3518 691 3567 refellit.
735 3516 978 3576 ritas,1nores.-
1012 3515 1080 3565 satis
1095 3513 1194 3577 babet,
1215 3516 1255 3580 qni
1267 3529 1304 3563 ac·

120 3582 194 3634 Conf.
222 3582 326 3649 Dionys.
348 3581 406 3632 Hui.
433 3582 465 3633 11.
486 3599 509 3632 c.
532 3585 574 3634 59.
595 3593 620 3634 et
637 3587 691 3636 Cic.
735 3585 842 3648 quiescit
853 3584 878 3631 in
892 3584 974 3646 aliqua
988 3599 1024 3632 rc.
1056 3581 1304 3651 Vid.interpp.tnl·

118 3651 196 3703 Taso.
211 3652 256 3703 iV.
276 3668 300 3701 c.
316 3651 341 3702 1.
380 3651 429 3701 Sed
449 3653 567 3703 historiae
587 3655 693 3720 scriptor
734 3654 794 3703 inst.
808 3653 864 3713 lug.
880 3652 1074 3706 xxx1.c.20.

118 3737 207 3771 munus
220 3738 289 3771 suurn
303 3721 403 3787 expiet,
423 3729 448 3772 et
459 3730 533 3788 poeta
545 3739 629 3790 suum,
648 3727 693 3775 sed
772 3724 798 3772 5.
817 3723 876 3771 Bas.
892 3722 917 3771 3.
931 3739 996 3773 usus
1008 3722 1097 3788 gentis
1109 3719 1201 3773 babet.

118 3791 312 3840 dirersoinodo.
772 3792 796 3841 b.
818 3791 946 3857 concipit,
972 3791 1081 3853 cogitat,
1105 3791 1136 3839 ad
1157 3791 1252 3855 inajora
1269 3789 1302 3838 in·

153 3857 178 3908 1.
205 3860 274 3924 quis.
318 3859 419 3922 Beroi,
446 3860 495 3910 Ox.
523 3867 549 3909 et
567 3860 641 3911 Goth.
664 3861 690 3911 1.
735 3859 815 3910 tendit
833 3861 950 3909 animuin.
978 3860 1051 3909 Cani.
1068 3859 1092 3920 1,
1110 3860 1170 3910 777.
1243 3873 1304 3926 quar

117 3927 177 3993 qai,
199 3928 262 3990 quod
276 3927 300 3975 1.
317 3927 352 3988 1.,
371 3937 398 3977 ut
411 3930 494 3979 inuitis
508 3930 578 3988 aliis,
604 3938 691 3996 poetae
735 3930 771 3981 sit
783 3946 868 3979 renam
879 3937 994 3989 natura,
1016 3929 1153 3978 communis
1166 3927 1303 3992 antiquissi-

118 3995 502 4047 tenrereobtrusitiieinsius.-
513 4000 691 4050 motuirist.
735 4015 830 4048 morum
854 3999 1052 4064 philosophorum
1083 3998 1212 4062 inquisitio
1237 4004 1303 4061 atquc

118 4066 156 4130 11,
177 4065 238 4117 att.
252 4065 282 4112 ad
300 4063 452 4125 Augustum:
735 4068 904 4129 investigatio.
936 4068 1007 4129 Virg.
1022 4066 1116 4130 Georg.
1131 4067 1168 4130 11,
1190 4067 1243 4117 474
1254 4081 1303 4130 sqq.

190 4134 251 4186 Non
264 4151 295 4183 ea
309 4141 335 4183 te
346 4135 426 4184 moles
444 4136 561 4187 Romani
578 4138 691 4188 nominis
735 4137 796 4187 Hor.
811 4136 891 4200 Epist.
907 4136 933 4197 1,
956 4136 996 4199 12,
1012 4136 1044 4186 16
1058 4152 1113 4201 sqq.

327 4211 418 4269 urget.
555 4203 558 4207 ’
771 4205 796 4258 7.
815 4205 1004 4269 bajocasinae,
1031 4206 1105 4271 hujus
1125 4207 1220 4271 studii,
1239 4212 1304 4257 atr.

150 4273 177 4325 2·
198 4281 274 4324 tanto
293 4273 366 4339 regi,
394 4271 508 4320 Romulo.
534 4273 611 4336 xiv,
639 4275 689 4325 805
736 4274 778 4324 65.
817 4275 953 4341 Gierig.

114 4356 169 4405 sqq.
185 4370 216 4379 -
229 4344 361 4395 sustineat
368 4341 492 4410 pondera
502 4343 588 4392 molis.
615 4343 689 4395 Cani.
770 4344 796 4392 8.
817 4344 962 4394 Herculeus
975 4343 1068 4409 lorpes
1082 4351 1122 4393 est
1136 4343 1249 4405 Croton,
1270 4339 1307 4405 qui

95 4405 154 4476 ’11,
176 4410 238 4464 297.
734 4413 883 4479 Herculem,
908 4430 941 4465 cx
961 4413 1082 4480 Hispania
1101 4415 1251 4464 redeuntem
1269 4413 1309 4461 ho·
