2864 4890
110 134 194 192 450
490 122 595 187 otuu}
614 127 922 184 uurmomflosus

201 285 348 372 Occupat
368 283 531 370 Aegides,
554 283 716 368 cubitique
743 281 888 368 ingentia
903 281 1011 369 fregit
1099 324 1105 329 -

202 369 303 450 0ssa;
326 392 385 434 nec
406 367 542 434 ulterius
567 370 643 433 dare
671 391 787 456 corpus
808 367 924 432 inutile
946 369 1011 433 leto

198 454 269 519 Aut
292 469 387 519 vacat
408 469 462 518 aut
484 470 593 535 curat,
623 469 778 537 tergoque
798 450 951 516 Bianoris
974 451 1034 517 alti

200 537 324 619 Insilit,
345 538 432 602 haud
454 539 549 604 solito
572 560 765 622 quemquam
786 550 916 623 portare
936 535 1141 624 nisi-ipsum,

120 693 134 718 ·
202 621 426 709 opposuitque
447 646 533 707 genu
555 621 668 702 costis,
690 643 903 708 prensamque
922 620 1053 686 sinistra

201 704 386 790 Caesariani
413 706 574 788 retinens,
604 708 734 773 vultum
761 704 1008 790 minitantiaque
1037 728 1097 772 ora

199 789 330 855 Robore
352 792 474 856 nodoso
498 792 657 879 praedura
680 813 722 854 ue
743 803 890 876 tempora
920 789 1031 875 fregit.

200 873 331 940 Robore
353 873 564 964 Nedymnum
590 815 862 965 jaculatoremque
883 873 1035 963 Lycotan

200 956 342 1041 Sternit}
366 976 396 1025 et
414 960 557 1026 immissa
586 974 766 1047 protectum
788 974 915 1046 pectora
937 960 1038 1023 barba

200 1042 390 1131 Hippason,
407 1061 444 1110 ⁴et
463 1045 598 1110 summis
618 1058 799 1109 exstantem
821 1041 949 1130 Riphea
969 1042 1076 1125 silvis,

202 1127 389 1214 Teraeque,
411 1127 602 1195 Haemoniis
624 1128 679 1213 qui
700 1150 834 1214 prensos
855 1127 1018 1193 montibus
1045 1150 1140 1195 ursos

201 1209 303 1277 Ferre
324 1215 457 1279 domum
481 1215 576 1280 vivos
594 1213 860 1300 indignantesque
881 1213 1016 1278 solebat.

200 1293 299 1361 Haud
322 1298 395 1363 tulit
416 1314 558 1364 utentem
578 1322 707 1386 pugnae
728 1294 926 1362 successibus
948 1299 1032 1362 ultra

202 1380 330 1446 Thesea
351 1382 553 1465 Demoleon‚
576 1383 743 1467 solidaque
764 1381 923 1447 revellere
945 1397 1032 1447 terra

203 1466 374 1530 Annosam
395 1468 510 1554 pinum
531 1491 651 1551 magno
674 1464 843 1531 molimine
864 1480 976 1532 tentat.

204 1548 302 1633 Quod
325 1552 398 1636 quia
421 1576 488 1617 non
508 1553 631 1638 potuit,
653 1553 869 1638 praefractam
888 1550 975 1615 misit
994 1549 1030 1615 in
1048 1550 1187 1617 hostem.

203 1633 267 1701 Sed
293 1638 407 1722 procul
428 1661 445 1701 a
468 1639 532 1701 telo
555 1637 702 1702 Theseus
724 1634 875 1701 veniente
903 1635 1034 1700 recessit
1115 1686 1120 1695 .

201 1719 354 1784 Pallados
376 1722 565 1786 admonitu:
588 1721 675 1785 credi
697 1721 744 1785 sic
765 1720 833 1807 ipse
855 1721 999 1785 volebat.

201 1803 278 1869 Non
302 1821 410 1869 tamen
426 1807 526 1870 arbor
545 1805 632 1870 iners
655 1804 784 1870 ceciditr
815 1827 891 1867 nam
914 1803 1083 1870 Crantoris
1105 1802 1166 1868 alti

203 1889 350 1957 Abscidit
370 1889 484 1981 jugulo
505 1904 677 1978 pectusque
705 1891 941 1976 humerumque
961 1888 1140 1954 sinistrum.

151 2093 325 2163 ausuaga.
356 2094 378 2145 ll
402 2095 515 2160 lterum,
549 2095 623 2148 Goth.
652 2095 688 2160 1.,
768 2094 829 2146 356.
849 2093 987 2160 solidaque
1010 2109 1034 2144 r.
1057 2099 1137 2146 tetra.
1165 2091 1204 2145 lta
1223 2093 1307 2158 Cant,

119 2161 203 2228 Vrat.,
218 2163 313 2215 Zwico.
334 2166 442 2215 etmulti
457 2165 543 2216 Heius.
569 2167 689 2234 frangit.
731 2180 795 2216 unus
809 2163 904 2226 Gran,
919 2162 973 2212 Pal.
986 2163 1031 2224 2.,
1045 2161 1104 2212 Par.
1123 2162 1152 2214 2.
1172 2170 1199 2213 et
1212 2163 1306 2217 naun.

119 2230 217 2299 Reliqui
238 2235 344 2302 fregit,
370 2236 435 2301 quod
458 2243 559 2302 propter
577 2237 690 2285 codicum
733 2262 764 2272 -
779 2232 847 2284 Unus
860 2232 1131 2298 Leidsolidnqueub
1144 2233 1227 2284 ulmo.
1243 2232 1309 2285 Unus

118 2304 291 2355 auctoritatem
304 2305 486 2356 revocavimus.
501 2334 534 2344 -
566 2313 688 2372 occupat,
733 2303 821 2353 Heius.
848 2302 1121 2369 solidoque-trunco.
1137 2299 1208 2352 Unus
1223 2301 1307 2353 lleius.

119 2379 176 2422 ante
189 2373 342 2436 aggreditur,
357 2374 500 2424 antevertit.
516 2374 586 2424 Fast.
594 2375 613 2438 1,
628 2375 688 2425 575.
733 2372 970 2438 solidoque-clivo.
985 2371 1064 2433 Flos„
1080 2369 1156 2421 Goth.
1171 2371 1208 2436 2.,
1223 2371 1306 2435 Vrat.,

154 2442 214 2492 344.
235 2443 345 2504 inutile,
360 2444 442 2492 anima
456 2460 555 2493 carens.
734 2442 792 2491 Por.
808 2441 832 2490 1.
845 2441 883 2502 2.,
898 2442 970 2490 codd.
986 2440 1051 2490 ctof.
1071 2447 1096 2488 et
1109 2441 1199 2505 reliqui
1212 2442 1308 2492 solido·

154 2511 214 2559 346.
233 2509 533 2578 inadulata-ipsum.
565 2512 690 2576 Frigidum
734 2511 908 2579 que-dumo.
944 2510 1146 2574 Verascriptura
1165 2526 1222 2559 esse
1243 2512 1310 2561 vide·

118 2592 237 2627 acumen:
262 2594 319 2645 pars
333 2581 422 2644 equina
441 2582 560 2630 Centauri
577 2585 692 2647 portabat
734 2588 867 2641 tnrtcrra,
894 2580 957 2644 quod
977 2595 1032 2628 curn
1050 2579 1208 2644 interpretafi
1228 2587 1311 2630 essent

119 2647 260 2709 humanam,
276 2663 347 2712 quain
367 2650 451 2714 ipsum
470 2651 587 2715 appellat.
615 2653 689 2703 Coos.
734 2650 812 2700 humo
826 2650 898 2713 idque
912 2649 935 2697 in
949 2656 1043 2697 textum
1056 2649 1177 2710 venisset,
1192 2649 1251 2699 inde
1263 2651 1310 2702 du·

118 2730 144 2765 v.
158 2716 219 2768 246.
236 2744 265 2752 -
287 2716 346 2766 347.
361 2721 497 2784 opposuit,
511 2720 602 2784 pressit
622 2722 693 2783 geni·
734 2736 775 2770 mo
789 2718 916 2769 etsitnilia
930 2718 1075 2767 factasunt.
1090 2719 1109 2770 J
1114 2717 1192 2768 aba.

117 2784 164 2837 bus
177 2792 275 2844 costas,
291 2802 337 2849 quo
352 2786 440 2837 fortius
460 2791 585 2839 haereret.
771 2806 830 2856 358,
852 2806 923 2871 quod
941 2805 1014 2875 quia·
1040 2803 1101 2854 xvq
1121 2804 1209 2854 Heius·
1232 2823 1310 2876 qm

155 2854 343 2916 348.retincns,
353 2863 592 2907 retractantencns.
602 2885 634 2895 -
644 2857 692 2905 Bc·
735 2876 809 2942 quia·
825 2901 857 2911 ,,
871 2874 940 2939 [ἦρε.
956 2877 981 2928 2,
1008 2873 1103 2925 Zwiw,
1112 2875 1217 2924 „tmuppj
1225 2876 1310 2927 Heius·

119 2922 692 2995 rol..Zwico.ctXHelns.oultumquemi-
729 2946 905 3011 Pffsracpam,
987 2910 994 2937 ⁷

119 2993 274 3076 ”malui
301 2992 398 3077 Rili‘lffi
418 3003 547 3046 cumvett'
562 2997 619 3047 ΘΜ·
634 2996 692 3047 'ml'
772 3030 831 3080 360.
854 3029 972 3080 Palladis
989 3028 1138 3078 admonitu:
1158 3044 1215 3078 uam
1230 3030 1313 3083 Pallas

119 3069 176 3114 tum
194 3071 406 3132 minitantiaque.

119 3131 691 3268 ..ivi-..ninaattin-„n
735 3099 1311 3250 nn‚nnnuncin.r.a

119 3269 264 3321 Nodinum.
286 3243 589 3336 1166211666166616.
610 3271 691 3333 Vulgo
736 3237 805 3302 L¹p⁸‘
820 3240 864 3298 ‘'3‘’
888 3237 960 3287 Μ’
981 3243 1007 3285 et
1025 3234 1120 3284 zm·
1141 3243 1168 3285 el
1187 3244 1214 3286 ”t
1228 3253 1260 3287 ⁰¹
1274 3240 1310 3288 '¹¹⁵

119 3338 300 3410 Nedymnum,
322 3342 384 3404 quod
399 3343 473 3390 otiam
486 3342 580 3392 Zwico.
595 3350 621 3391 et
634 3341 690 3389 edd.
736 3306 825 3389 ⁰⁰¹¹li⁰i
839 3313 920 3370 P⁰i⁰⁸t
933 3321 1016 3355 munes
1037 3320 1111 3369 impe
1133 3304 1230 3355 Heinffi
1251 3308 1312 3388 qu·

117 3406 199 3456 Venn.
215 3415 331 3471 tuentur,
348 3418 373 3458 et
387 3410 502 3460 Heinsius
516 3412 592 3460 tacito
605 3425 693 3459 serva·
735 3375 815 3425 [Μ’
841 3374 910 3425 velt·
926 3377 982 3425 edd'
1000 3374 1142 3434 Palladoe’
1159 3377 1224 3438 ΨΜ
1237 3383 1312 3426 ΜΘ

116 3475 162 3524 vit.
190 3476 341 3542 Scripturam
360 3479 479 3544 hycotan
498 3480 616 3529 exhibent
635 3494 691 3528 exc.
735 3513 860 3564 Nasonem
886 3531 933 3563 non
965 3512 1055 3577 ubique
1082 3512 1175 3561 formas
1202 3513 1312 3564 Gfflecag

119 3544 185 3610 cat,
207 3547 246 3595 cd.
268 3547 329 3608 Arg.
350 3554 376 3595 et
393 3549 504 3597 nonnulli
535 3548 693 3609 lloinsii,ut
756 3599 762 3611 ,
987 3600 992 3610 ,
1053 3581 1113 3632 PH
1133 3582 1162 3632 d.
1206 3599 1214 3612 ,
1267 3585 1273 3595 .

116 3615 226 3665 vldetur.
251 3615 408 3666 Vetustiores
423 3616 509 3666 Heius.
522 3618 633 3682 plerique
647 3616 693 3666 Li·
734 3590 993 3715 ¹l¹l³1¹p7plags⁰⁰⁰nsteh
1013 3589 1039 3631 et
1075 3599 1091 3632 a
1114 3598 1130 3631 α
1151 3590 1313 3634 mimam

118 3685 216 3752 chepen
228 3702 253 3736 ν.
268 3686 394 3752 Harpen,
409 3687 532 3751 posterius
546 3687 619 3735 etiarn
633 3686 690 3733 edd.

736 3445 812 3494 edidit
820 3444 945 3494 Heinsius.
960 3444 1084 3492 ltevocavi
1094 3443 1224 3506 Palladis,
1240 3460 1312 3510 quum

41 3746 44 3750 “
117 3754 199 3804 penu,
219 3785 253 3793 ..
286 3755 562 3821 Gothqfflpfflq
583 3754 689 3817 Zwico„
771 3738 831 3789 361.
851 3737 927 3801 iners,
941 3737 994 3786 sine
1007 3735 1107 3786 effectu.

39 3856 47 3878 .
116 3823 139 3873 ll
160 3825 272 3889 hersin,
301 3827 340 3875 ed.
361 3843 399 3890 pn.
427 3834 453 3875 et
470 3827 537 3889 vulg.
556 3825 689 3893 Isqcctutn,
768 3824 827 3877 362.
848 3824 967 3876 abscidit.
990 3823 1027 3873 lta
1040 3821 1157 3872 lleluslns
1170 3823 1248 3873 tacite
1262 3824 1312 3873 edi·

118 3894 181 3957 quod
196 3897 327 3954 genuinum
340 3896 447 3944 videtur.
735 3893 785 3955 dit,
808 3895 871 3957 quod
887 3895 980 3943 bersan.
993 3929 999 3954 ,
1014 3891 1122 3953 Dresd.,
1143 3890 1219 3941 Goth.
1236 3892 1261 3941 1.
1275 3894 1310 3957 2.,

152 3961 211 4010 351.
230 3972 349 4028 pectora.
365 3964 385 4026 1,
401 3965 459 4018 332.
479 3993 504 4002 -
522 3964 560 4014 De
575 3964 691 4014 immisso
734 3961 834 4029 Pata,
848 3962 932 4024 Vrat.,
948 3961 1054 4023 Zwico.,
1070 3961 1156 4024 cdpr.
1174 3969 1199 4010 ct
1211 3960 1310 4011 Venl.

117 4030 151 4079 ol.
167 4029 206 4090 V,
226 4032 285 4080 338.
305 4032 355 4094 lV,
373 4033 473 4082 168.-
486 4034 570 4083 Bcrol.
585 4049 598 4082 a
612 4049 690 4094 corn,
736 4039 761 4079 ct
774 4033 827 4080 sine
842 4033 915 4080 dubio
929 4033 1003 4081 ctiam
1017 4030 1086 4079 inulti
1097 4029 1225 4079 lleinsiani
1240 4038 1311 4082 titen-

119 4098 193 4148 Gotb.
211 4097 246 4161 1..
262 4100 358 4148 Zwico.
373 4109 397 4148 et
412 4101 447 4150 tx
456 4103 542 4152 lleins.
556 4104 690 4153 immensa.
734 4107 783 4150 tur.
800 4101 898 4165 Reliqui
912 4116 966 4149 cum
980 4101 1047 4161 vulg.
1064 4099 1205 4151 abscindit.
1234 4099 1310 4149 Prae·

119 4167 553 4220 (16116261111116166611664666.
580 4201 612 4210 -
628 4172 690 4220 Cod.
735 4170 851 4233 teritum,
874 4177 957 4234 utpote
983 4171 1049 4219 inter
1066 4170 1217 4232 praeterita,
1241 4184 1313 4233 prae·

118 4237 227 4299 Berua„
241 4237 343 4298 Drasd,
360 4235 433 4286 Goth.
450 4238 509 4286 1.ot
520 4239 614 4290 Zwico.
629 4249 693 4292 tem·
735 4239 845 4288 tulimus.
871 4239 918 4287 Est
930 4247 1010 4287 autern
1025 4237 1136 4288 abscidit
1148 4238 1179 4286 ab
1194 4238 1310 4288 abscido.

114 4321 195 4374 pora.
734 4307 792 4357 Vid.
807 4308 876 4370 adl,
896 4310 940 4362 22.
968 4306 1041 4356 Coul.
1060 4323 1085 4355 v.
1106 4306 1216 4359 275.-
1249 4307 1310 4357 cot.

154 4373 214 4425 352.
235 4374 341 4425 summis
354 4373 529 4424 eart.-tilols.
556 4374 630 4425 Conf.
647 4376 690 4438 111,
734 4377 843 4430 Bersin..
858 4377 917 4427 lun.
932 4375 1234 4441 otXllcius.jugulum.
1251 4376 1312 4426 vut-

116 4444 159 4496 44.
735 4446 883 4514 gojugulo.
916 4445 1060 4496 Deteriores
1086 4444 1192 4510 lleins.,
1213 4445 1311 4508 aaut..
