2864 4890
217 1325 910 1416 omnmom’flosnon
952 1325 1207 1414 §nullas

599 1515 820 1592 GANTERI

376 1699 502 1755 nonnis
520 1701 619 1756 nocis
643 1699 830 1759 annonam
854 1698 899 1754 nr
923 1696 1046 1755 anoni.

115 2053 230 2170 Ilio.
252 2100 280 2168 l.
325 2101 494 2192 Principio
525 2103 622 2170 chaos
648 2104 686 2168 in
714 2117 853 2188 quatuor
877 2104 1037 2168 elementa
1071 2112 1242 2186 separatur
1269 2121 1309 2165 ao

116 2203 381 2287 transformatur,
404 2205 519 2270 deinde
532 2230 592 2295 per
605 2204 925 2271 transformationem
939 2201 1008 2268 nati
1028 2216 1104 2268 sunt
1125 2199 1308 2266 animantes

116 2319 211 2389 atque
233 2305 329 2371 iniis
351 2307 510 2373 homines.
561 2307 676 2374 Prima
702 2321 787 2372 aetas
817 2330 916 2372 aurea
936 2304 1021 2386 fnit,
1053 2326 1136 2388 qnae
1164 2325 1246 2368 mox
1272 2301 1309 2368 in

117 2420 306 2491 argenteam
330 2430 487 2474 conversa
510 2424 575 2491 est;
598 2424 751 2495 argentea
773 2423 895 2474 mutata
918 2405 1020 2472 estin
1042 2409 1188 2485 aeneam,
1209 2407 1310 2470 alinea

116 2504 154 2571 in
174 2506 345 2594 pessimam
367 2509 522 2578 ferream.
563 2508 604 2576 ln
625 2509 791 2575 communi
820 2510 945 2574 ferreae
967 2505 1080 2571 aetatis
1102 2505 1310 2593 corruptione

117 2607 283 2693 gigantea,
305 2610 365 2675 lilii
387 2612 533 2696 Terrae,
563 2634 754 2700 expugnare
775 2611 903 2676 coelum
925 2622 1069 2689 tentant3
1102 2609 1161 2673 hoe
1182 2605 1311 2695 Jupiter

117 2708 257 2774 fulmine
278 2711 413 2795 occidit,
436 2737 575 2799 quornm
596 2713 728 2801 sanguis
749 2727 891 2780 mntatne
918 2726 966 2777 est
992 2710 1028 2776 in
1049 2726 1179 2778 novum·
1193 2731 1309 2797 genua,

116 2806 229 2875 itidem
246 2836 387 2900 pravum
406 2838 444 2882 ec
464 2818 646 2899 scelestum.
689 2814 802 2901 Quare
820 2812 948 2903 Jupiter
968 2836 1036 2880 non
1055 2813 1163 2878 solum
1179 2810 1309 2900 Lycao·

117 2933 205 2995 nem,
227 2915 487 2983 scelestissimum
509 2942 553 2984 ex
566 2919 624 2983 illo
639 2941 759 3006 genere
771 2916 951 2999 hominem,
976 2915 1012 2980 in
1026 2916 1141 3003 lupum
1158 2911 1308 2992 mutavit,

117 3015 173 3078 sed
189 3016 287 3083 etiam
299 3033 404 3085 totum
423 3044 525 3106 genna
546 3020 718 3087 hominum
739 3034 771 3085 et
785 3017 979 3084 animalium
993 3015 1195 3082 terrestrium
1209 3014 1245 3078 in
1259 3011 1310 3077 ‹li-

117 3116 222 3200 lnvio,
242 3120 412 3207 superficie
430 3137 536 3188 terrae
555 3123 592 3189 in
610 3122 712 3188 maria
731 3119 851 3187 faciem
864 3134 1000 3201 mutata,
1023 3117 1140 3206 perdit.
1168 3114 1241 3181 Soli
1254 3137 1310 3179 sn·

116 3220 278 3305 perstistes
293 3222 524 3309 relinquuntur
537 3223 723 3290 Deucalion
739 3238 770 3289 et
783 3222 928 3312 Pyrrha,
951 3219 1018 3307 qni,
1040 3232 1210 3307 postquam
1224 3232 1313 3281 terra

118 3319 234 3387 siccata
257 3338 305 3388 est
326 3324 557 3413 pristinamque
579 3326 697 3392 faciem
718 3324 852 3413 aceepit,
873 3321 965 3416 jactis
984 3337 1056 3410 post
1077 3335 1206 3408 tergum
1226 3317 1313 3405 lapi-

119 3421 213 3488 dibus
235 3424 271 3489 in
292 3427 439 3494 homines
459 3428 589 3495 mutatis
609 3428 791 3493 humanum
808 3449 911 3513 genna
941 3437 1146 3512 repararunt.
1197 3418 1314 3486 Cetera

118 3524 271 3591 animalia
304 3544 418 3617 sponte
446 3553 523 3613 sna,
551 3544 722 3619 postquam
752 3526 926 3592 humidum
947 3527 1055 3590 solum
1086 3523 1194 3586 calore
1234 3521 1313 3586 solie

117 3627 295 3714 percaluit,
333 3646 527 3714 nascuntur,
563 3631 600 3694 in
633 3630 749 3716 qnibne
784 3628 895 3717 Pytho
915 3647 1068 3713 serpens;
1105 3647 1200 3708 quem
1237 3646 1314 3689 oum

116 3727 240 3815 Apollo
262 3733 441 3817 occidisset,
463 3731 500 3798 in
519 3731 568 3797 rei
586 3729 780 3796 memoriam
804 3730 899 3794 ludos
920 3726 1078 3818 Pythicoa
1103 3723 1254 3807 instituit,
1277 3723 1314 3790 in

118 3828 235 3913 quibua
254 3834 394 3902 victores
416 3856 538 3902 corona
558 3835 706 3900 aesculea
721 3831 944 3911 donabantnr3
968 3828 1114 3894 nondum
1129 3828 1217 3893 enim
1238 3827 1313 3891 lau·

117 3954 174 3997 rue
196 3952 283 4019 erat,
312 3961 394 4023 qnae
414 3960 497 4003 mox
515 3950 592 4003 nata
611 3950 676 4017 est,
705 3932 867 4020 Daphne,
897 3955 999 4017 quum
1020 3930 1148 3996 Phoebi
1176 3952 1195 3994 a
1217 3927 1315 3993 caede

117 4031 279 4124 Pythonis
301 4036 465 4104 redeuntia
484 4038 655 4125 amplexus
675 4037 821 4122 fugeret,
852 4032 889 4099 in
912 4058 983 4099 eam
1004 4035 1157 4098 arborem
1179 4044 1314 4095 mutata·

118 4133 216 4219 Quod
244 4162 319 4203 cnm
346 4136 530 4220 accidisset,
567 4139 607 4202 ad
635 4138 798 4225 Daphnea
820 4151 966 4224 petrem,
993 4135 1142 4201 Peneum
1162 4130 1314 4212 fluvium,

118 4238 189 4303 eive
207 4236 393 4324 gratulandi
413 4236 483 4303 eive
505 4239 694 4304 consolandi
715 4260 810 4304 cansa
832 4254 1059 4304 convenerunt
1084 4234 1181 4303 fluvii
1203 4254 1316 4299 omnen

115 4352 243 4425 praeter
271 4333 446 4421 Inachum,
481 4338 600 4425 quiin
626 4340 719 4406 lnotu
752 4357 822 4408 erat
853 4356 987 4432 propter
1018 4339 1170 4406 amissam
1199 4334 1315 4416 filiam,
