2864 4890
444 172 831 230 luruouucsro.
1194 179 1257 235 m

60 350 163 415 want
184 327 222 393 in
242 325 407 394 sententiis
428 342 461 393 et
480 325 617 413 singulis
637 328 767 411 verbis,
796 327 874 395 inde
899 330 1135 416 frequentiores
1162 332 1253 400 lusus

59 431 260 512 verborum,
290 428 459 511 acumina,
490 428 716 516 ambiguitates
744 420 776 496 et
804 429 909 496 omnis
941 432 1070 519 generis
1092 432 1251 520 argutiae.

58 531 113 598 Ae
134 546 261 598 tantum
281 531 382 613 abest,
402 545 440 596 ut
458 529 493 594 id
511 529 630 596 vitium
650 531 720 620 ipse
740 531 943 620 perspexerit
964 548 995 597 et
1015 534 1197 620 agnoverit,
1220 551 1253 601 et

58 633 96 699 iu
116 656 155 699 ea
173 655 230 715 re,
253 634 339 719 quod
357 655 451 721 saepe
472 633 521 711 iit,
541 646 689 698 naturam
711 648 742 698 et
759 633 996 721 proclivitatem
1017 635 1118 702 animi
1135 636 1251 703 devin-

61 758 137 804 cere
155 759 225 800 nou
245 734 404 822 potuerit,
424 748 461 798 ut
481 732 563 797 illud
583 732 744 821 imprimis
764 737 911 823 probarit
933 750 964 803 et
983 736 1046 802 sibi
1065 738 1135 828 ipse
1155 739 1192 804 in
1213 763 1251 806 eo

60 838 143 905 mire
161 836 322 925 placuisse
339 835 501 902 videatur.
557 833 658 926 Cujus
684 835 734 901 rei
761 836 907 927 insigne·
925 856 1152 925 argumentum
1179 865 1251 907 me-

61 939 187 1007 moriae
206 936 350 1027 prodidit
370 934 484 1003 Senec.
507 933 665 1005 Centrum
685 936 729 1005 ll.
754 962 783 1004 c.
807 940 861 1006 10.
911 938 1056 1027 Rogatus
1079 942 1167 1009 enim
1188 944 1250 1010 ali·

60 1041 192 1128 quando
213 1041 254 1106 ab
276 1037 409 1121 amicis,
431 1054 469 1104 ut
489 1041 617 1104 tolleret
645 1053 709 1105 tres
727 1064 861 1124 versus,
891 1041 1006 1129 petivit
1026 1042 1186 1128 invicem,
1214 1061 1252 1112 ut

59 1159 127 1211 tres
146 1141 333 1230 exciperet,
354 1139 392 1204 in
411 1163 491 1225 quos
518 1140 584 1206 illis
609 1140 693 1206 nihil
718 1143 840 1228 liceret.
894 1141 1161 1233 Conscripserant
1188 1146 1249 1229 illi,

59 1268 141 1332 quos
162 1243 238 1310 tolli
258 1243 392 1324 vellent,
414 1257 537 1308 secreto
558 1242 631 1325 bie,
654 1267 733 1328 quos
749 1236 924 1312 tutos'esse
943 1248 1055 1315 vellet.
1089 1245 1131 1314 lu
1150 1248 1251 1315 utris·

59 1371 122 1434 que
142 1345 302 1414 codicillis
322 1344 421 1410 iidem
440 1367 555 1411 versus
577 1359 691 1428 erant,
715 1345 751 1412 in
773 1346 888 1433 quibus

232 1448 480 1532 Senubooemque
498 1451 613 1526 aimus,
647 1453 870 1535 semiuirumque
896 1453 1001 1516 bouem

60 1565 92 1618 el

1330 1616 1338 1659 ¹.

230 1655 393 1738 Egelidum
421 1655 564 1729 Borean,
599 1654 805 1738 egelidumque
832 1652 958 1718 Notum.
1216 1702 1222 1749 q
1244 1660 1315 1721 ω’
1332 1662 1343 1707 b
1359 1614 1412 1747 ils*
1428 1666 1431 1688 ¹

58 1755 257 1842 Quanquam
275 1754 355 1821 baec
376 1754 487 1820 omnia
507 1777 590 1840 quae
611 1754 651 1819 de
669 1753 759 1821 vitiis
774 1753 986 1842 pulcherrimi
1007 1753 1161 1820 carminis
1184 1755 1251 1821 dis·

59 1873 230 1948 putamus,
251 1855 381 1942 singula
402 1871 582 1923 tantum‘et
610 1878 731 1944 pauca,
758 1855 788 1947 si
815 1880 890 1922 cum
916 1872 984 1922 toto
1011 1879 1108 1945 opere
1137 1858 1251 1923 coufe-
1277 1790 1299 2003 Ῐ

59 1975 194 2043 rantur,
217 1958 427 2051 contingunt3
448 1958 590 2046 plurima
612 1972 687 2024 sunt
709 1957 849 2041 eximia,
873 1956 1051 2045 elegantia,
1084 1971 1153 2023 arte
1174 1982 1251 2047 per·
1278 2021 1283 2063 Ι

60 2063 157 2130 secta.
201 2060 252 2125 Ac
273 2074 361 2127 recte
383 2059 425 2126 G.
447 2058 475 2124 l.
506 2058 604 2126 Voss.
632 2059 751 2125 lnstitt.
773 2059 881 2126 Poett.
910 2060 955 2126 ll.
984 2083 1017 2147 p.
1039 2061 1094 2124 73.
1138 2062 1175 2125 St
1195 2085 1252 2147 quo
1284 2082 1293 2195 q

56 2171 165 2249 peccat
187 2165 328 2238 oureus,
349 2160 474 2244 inquit,
503 2166 536 2224 iu
567 2184 603 2231 eo
618 2156 745 2243 peccet,
775 2165 855 2242 quod
881 2182 1064 2244 magnorum
1086 2166 1251 2238 flumimua
1288 2216 1292 2241 =

60 2271 156 2337 iader
180 2266 336 2329 interdum
355 2263 516 2322 redundet.
561 2262 650 2339 Quod
669 2265 698 2322 εἰ
714 2265 747 2322 iu
760 2282 803 2322 eo
824 2267 929 2325 uiuum
950 2269 1004 2335 est,
1038 2269 1082 2323 tot
1109 2267 1173 2325 satie
1193 2269 1254 2327 oir-
1282 2270 1288 2315 ='

62 2371 177 2434 Mltos
197 2364 275 2427 illud
296 2369 480 2445 compensat.

140 2465 244 2552 Quod
266 2463 307 2528 ad
336 2484 439 2548 genus
467 2459 650 2533 carminum
680 2460 810 2543 attinet,
833 2477 958 2528 veteres
986 2463 1041 2548 qui
1068 2462 1105 2529 in
1131 2466 1252 2531 carmi·

65 2571 156 2640 nibus
176 2564 359 2635 tribuendis
387 2588 425 2631 ac
446 2561 680 2648 distinguendis
703 2563 811 2629 minus
833 2565 975 2631 accurati
998 2580 1092 2633 erant
1112 2589 1150 2632 ac
1172 2591 1250 2634 rer·

66 2695 158 2739 sunm
186 2693 224 2734 ac
252 2690 466 2732 numerorum
494 2663 656 2730 rationem
684 2665 789 2753 magis
824 2689 923 2751 quam
956 2684 1186 2754 argumentum
1214 2693 1251 2735 ac

69 2794 215 2839 sensuum
247 2769 408 2835 rationem
430 2791 468 2833 aa
493 2765 645 2854 spiritum
671 2769 875 2855 spectabant,
904 2768 946 2834 ad
972 2768 1103 2835 heroica
1129 2772 1252 2837 retule-

69 2889 158 2955 runt,
178 2886 214 2937 ut
235 2870 458 2955 Quintilianus
480 2868 521 2933 L.
543 2867 591 2934 Χ.
613 2893 642 2935 c.
665 2869 697 2933 1.
739 2867 796 2936 Ex
814 2869 988 2936 recentiori
1016 2886 1125 2937 autem
1145 2888 1175 2939 et
1196 2896 1252 2938 ac·
1296 2912 1301 3003 q

71 2973 220 3043 curatiori
239 2972 422 3038 carminum
445 2963 673 3044 distributione
693 2995 761 3038 non
782 2972 823 3037 ad
845 2973 976 3043 heroica
997 2974 1172 3061 pertinent,
1195 2977 1264 3040 sed·
1296 3012 1298 3029 =

71 3077 115 3143 illi
133 3074 256 3163 generi,
277 3075 363 3163 quod
383 3074 542 3164 poeticam
556 3067 778 3160 narrationem
793 3075 970 3164 appellant,
993 3075 1112 3141 rectius
1129 3031 1285 3164 adseri-l

73 3180 197 3247 buntur.
