2864 4890
34 4236 65 4289 „a

126 155 178 211 00
503 150 608 205 ovum
627 148 933 205 Mttfflenracsus

208 306 279 372 Ant
299 304 418 370 horum
439 326 612 370 nemorum
630 318 687 370 aut
706 302 850 387 horum„
872 339 890 356 ·
912 317 945 369 et
963 317 1204 374 monstraverat

209 474 330 558 „Dum
350 474 432 538 calet
452 486 484 538 et
504 472 612 541 medic
633 474 683 539 sol
705 391 946 540 666ᾚέεῂυὲ
966 473 1057 541 arbe.

209 560 306 642 Quod
328 557 356 623 si
376 559 445 623 sola
466 556 559 624 times
579 559 718 623 latebras
737 558 860 624 intrare
879 558 1044 638 serarum

206 642 361 711 Praeside
381 657 449 707 tuta
470 642 530 708 dec
551 666 724 709 nemorum
744 658 866 707 secreta
884 640 1021 723 subibis,

170 755 176 767 ·
209 727 280 794 Nec
301 728 341 792 de
362 727 454 814 plebe
475 726 547 809 dec,
568 728 623 793 sed
646 727 702 874 qni
722 727 871 793 coelestia
891 748 1011 790 manna
1254 736 1315 791 696

209 810 344 899 Sceptra
363 835 464 877 manu
483 825 588 891 teneo,
610 835 645 877 se
688 811 744 897 qui
764 833 849 897 vaga
870 774 1010 876 helmine
1030 808 1137 875 mitto.

208 897 261 963 Ne
275 899 353 982 fuge
368 899 437 962 me!
448 898 471 936 “
485 920 546 961 -6
562 896 706 982 fugiebat
721 894 821 963 enim·
860 891 934 961 Jam
949 916 1067 981 pascua
1081 892 1210 961 Lernae

210 980 403 1066 Gensitaque
427 979 597 1046 arboribus
618 979 747 1068 Lyrcea
766 979 941 1066 reliquerat
961 1001 1062 1058 arva3

210 1064 295 1133 cum
316 1066 395 1130 deus
416 1064 547 1129 inducta
566 1065 647 1130 latas
670 1064 809 1151 caligine
829 1080 931 1129 terras

211 1150 366 1216 Occuluit
383 1147 486 1214 tenuit
508 1172 548 1213 ue
569 1149 683 1297 fnqam
705 1148 874 1238 rapuitque
891 1147 1063 1235 pudorem.
1251 1160 1314 1211 σου

174 1192 334 1299 >Interea
355 1231 479 1298 medios
487 1171 587 1299 ί11666
631 1233 755 1321 aspexit
775 1233 811 1297 in
829 1253 936 1319 agros,

206 1317 262 1401 Et,
284 1317 387 1383 nactis
407 1317 527 1382 faciem
546 1319 681 1383 nebulas
703 1319 817 1384 secIsse
837 1318 987 1384 volucres

208 1401 278 1468 Sub
300 1401 402 1466 nitido
423 1401 541 1466 mirata
562 1401 625 1485 die,
648 1425 715 1468 non
736 1401 879 1468 fluminis
900 1400 973 1465 illas

206 1486 286 1552 Esse
307 1510 367 1551 nec
387 1486 534 1552 humenti
553 1487 652 1553 sensit
673 1488 788 1553 tellure
810 1484 948 1563 remitti3

206 1573 327 1656 Atque,
349 1594 425 1635 suus
447 1567 570 1672 conjux
587 1570 705 1639 ubisit
727 1568 952 1657 circumspicit,
974 1582 1011 1633 nt
1032 1590 1114 1653 quae
1248 1577 1309 1630 605

206 1654 369 1743 Deprensi
390 1654 483 1720 toties
502 1679 570 1747 jem
590 1671 698 1722 nosset
717 1657 805 1721 furta
829 1652 950 1719 mariti.

206 1739 315 1824 Quem
333 1753 500 1826 postquam
522 1739 613 1804 coelo
634 1763 701 1804 non
723 1739 859 1828 reperit3
886 1738 982 1819 „Aut
1002 1759 1063 1821 ege
1083 1735 1182 1801 fallor

206 1823 302 1906 „Aut
321 1845 381 1907 ego
399 1823 537 1888 laedcr“
555 1823 610 1904 ait,
633 1823 824 1910 delapsaque
845 1824 886 1888 ab
908 1822 1036 1886 aethere
1054 1843 1182 1886 summo

208 1905 359 1973 Constitit
378 1906 413 1970 in
436 1907 544 1988 terris,
567 1907 764 1992 nebulasque
785 1907 934 1973 recedere
953 1903 1058 1993 jussit.

207 1988 364 2079 conjugis
385 1990 562 2056 adventum
582 2007 813 2078 praesenserat,
834 1991 932 2077 inque
953 1989 1108 2055 nitentem
1247 1998 1310 2050 610

206 2074 376 2140 Inachidos
397 2074 508 2139 vultus
528 2090 710 2141 mutaverat
731 2076 788 2141 ille
807 2073 991 2166 juvencam.

204 2158 271 2226 Bos
292 2182 418 2245 quoque
437 2159 581 2226 formosa
603 2175 661 2226 est.
705 2156 854 2251 Speciem
873 2156 1028 2226 Saturnia
1048 2179 1167 2224 vaccae

156 2344 384 2399 liberationem
396 2351 446 2397 etc.
460 2343 535 2396 Jahn.
549 2361 605 2396 eum
619 2347 692 2397 codd.
736 2353 787 2398 tur.
824 2346 918 2398 Ibidem
931 2344 1030 2413 Lyrcea
1050 2344 1173 2410 oppidum.
1199 2339 1308 2393 Panem.

119 2416 190 2478 Vin,
219 2415 300 2477 Flen,
325 2412 417 2479 Neap,
450 2413 526 2479 Thu,
552 2422 578 2464 at
602 2416 692 2480 fragm.
737 2416 769 2467 11.
784 2433 808 2467 c.
826 2417 871 2469 25.
894 2414 953 2466 Vel.
968 2414 1053 2464 Flucc.
1068 2412 1110 2476 IV,
1123 2412 1184 2463 355.

117 2485 200 2537 Laod.
212 2483 295 2533 dedit:
772 2485 833 2536 5119.
851 2484 971 2536 ueduata.
987 2481 1098 2534 (16666.
1113 2481 1174 2535 263.
1189 2478 1308 2543 litte&

189 2554 311 2606 Alterum
322 2565 456 2601 amorum
470 2575 500 2586 -
519 2556 545 2602 et
560 2566 693 2606 namnum
772 2555 832 2606 663.
853 2555 901 2606 sub
913 2551 1073 2604 nitido-die.
1098 2549 1168 2611 VIII,
1184 2549 1209 2598 1.

118 2689 143 2746 V
327 2627 520 2672 mansueverat
531 2622 640 2673 umbras
659 2651 693 2664 -
771 2624 831 2674 664.
850 2622 961 2687 remitti,
981 2618 1103 2670 exhalari.
1130 2615 1308 2682 Virg.Gecr3.

143 2709 159 2743 u
188 2707 210 2740 .=
668 2731 673 2741 .
734 2692 758 2745 II
802 2691 854 2744 17.·

158 2691 245 2813 lgm
254 2757 346 2810 herum
357 2751 507 2809 culinum
518 2773 691 2810 nemorum-
760 2695 1092 2830 ’ἳριιωαοηὴτσηιιεηι
1104 2753 1310 2808 eehulctnehss·

327 2829 651 2880 etmcnstrnceratambus
660 2855 691 2866 -
940 2827 995 2879 lam
1007 2829 1151 2893 murosque
1161 2826 1289 2892 volume,

119 2897 174 2950 Pal.
188 2898 226 2960 2.,
242 2894 265 2947 11
278 2896 386 2959 Raram,
400 2897 495 2959 berch,
507 2898 610 2961 Dresd.,
621 2896 689 2959 nat,
802 2896 841 2950 Et
858 2896 924 2950 bibit
940 2897 1088 2962 humorem,
1107 2904 1133 2947 et
1145 2911 1228 2978 quum
1239 2897 1306 2964 vett,

119 2966 194 3019 Geth.
216 2965 259 3030 1.,
280 2964 331 3016 Par
362 2965 557 3032 1.2.,111666.,
583 2965 644 3035 Ups.
666 2972 693 3017 ct
941 2967 1211 3033 anneus-ermetis.

118 3036 176 3088 cdd.
190 3033 272 3088 Venn.
732 3036 788 3087 Dus
804 3036 912 3098 Bersm„
933 3036 1036 3100 Dresd.,
1057 3035 1133 3088 Goth.
1154 3036 1181 3091 2.
1200 3041 1227 3084 et
1243 3034 1305 3103 Ilpa.

186 3107 242 3158 Aut
253 3104 346 3159 horum
356 3121 490 3157 nemorum
502 3114 552 3159 aut
562 3104 666 3159 bomar.
730 3106 820 3171 sentit,
834 3105 900 3171 qnod
912 3106 988 3156 tacite
1000 3106 1078 3157 edidit
1090 3105 1217 3155 Heinsius.

116 3174 140 3227 ll
152 3174 260 3238 Rersm,
276 3175 688 3243 36661,1)6666.,1161.,Ι.166.2.,
768 3175 828 3227 606.
846 3179 937 3240 tuna,
954 3176 985 3226 de
999 3175 1160 3226 clandestinis
1179 3174 1306 3226 metibus

115 3243 200 3309 Vrat,
215 3243 275 3311 Ups.
291 3252 317 3295 et
329 3245 370 3294 ed.
385 3261 423 3310 pr.
438 3253 464 3297 et
477 3246 601 3296 omittunt.
622 3244 691 3296 Scri·
731 3245 833 3313 passim.
854 3244 886 3310 ll,
900 3245 961 3299 423.
976 3244 1020 3308 lV,
1038 3244 1097 3296 174.
1125 3243 1196 3306 Virg.
1210 3243 1305 3307 Gecrs.

115 3320 213 3382 pueram
232 3315 339 3366 umbras
359 3314 479 3364 exhibent
497 3316 571 3366 etiam
591 3314 688 3378 Bacch,
732 3312 776 3378 IV,
797 3314 858 3366 436.
897 3313 1049 3387 Martiaque
1073 3314 1147 3365 doles
1166 3321 1192 3366 et
1212 3313 1305 3367 dulci·

118 3383 186 3448 Gal,
197 3399 240 3449 pro
247 3384 299 3433 v.l.
309 3383 429 3448 1161162,
439 3383 605 3446 Ρ61.2.,Ρ66.
616 3383 640 3433 1.
649 3384 687 3446 2.,
725 3390 816 3449 juna.
843 3384 908 3435 Illud
917 3384 980 3447 jum
992 3390 1094 3435 tuentur
1106 3383 1175 3446 Gal,
1191 3382 1250 3435 Par.
1264 3386 1303 3449 2.,

116 3451 208 3517 Rhea,
226 3451 296 3519 Lips.
317 3454 355 3514 2.,
375 3454 416 3503 ed.
435 3469 473 3521 pr.
492 3460 518 3503 et
537 3452 688 3504 hauddubie
732 3453 812 3504 11666.
832 3460 858 3503 et
872 3454 990 3505 meliores
1011 3453 1121 3504 Heinsii:
1150 3454 1215 3518 quud
1234 3462 1304 3506 certe

115 3523 186 3573 multi
198 3522 442 3589 qnoqueHeinsiani.
473 3520 542 3574 Vera
553 3521 612 3571 mibi
626 3521 689 3571 seri·
730 3523 870 3586 elegantius
882 3529 930 3586 est,
944 3538 1017 3589 quum
1029 3523 1098 3585 vulg.
1114 3523 1185 3574 6666.

114 3598 188 3659 ptura
198 3599 225 3644 et
236 3592 331 3658 maiore
345 3593 458 3643 codicum
471 3591 619 3642 auctoritate
628 3606 689 3641 666-
767 3592 827 3643 668.
846 3593 944 3658 laedar,
965 3608 1002 3643 sc.
1023 3593 1150 3642 insinere
1168 3607 1185 3643 6
1202 3594 1303 3645 marita.

113 3662 211 3714 firmata
223 3663 339 3714 videtur:
730 3689 765 3703 ·-
779 3662 900 3728 delapsa.
926 3662 968 3713 cf.
981 3676 1007 3711 v.
1021 3661 1082 3718 212.

182 3732 338 3787 Autbsntm
349 3746 483 3783 nemorum
495 3736 545 3781 aut
554 3727 688 3780 borum·
767 3731 827 3783 611.
845 3731 994 3797 Inachidae,
1011 3730 1095 3781 Innchi
1109 3729 1186 3780 filiae.

308 3798 688 3853 6166666166666616666666-
747 3818 752 3827 ·
766 3800 827 3856 612.
841 3801 981 3854 Satume'n.
1000 3799 1064 3851 Iuno
1075 3808 1131 3851 erat
1140 3799 1242 3850 Saturni
1253 3799 1305 3851 11116

150 3869 211 3919 595.
230 3870 422 3936 deplehedeo.
458 3869 517 3920 Vid.
537 3870 608 3920 adv.
625 3867 685 3918 173.
730 3870 879 3936 (6112),
906 3871 983 3933 igitur
1001 3870 1076 3921 simul
1093 3869 1163 3920 Iovis
1189 3877 1306 3921 sonaret

115 3936 190 3988 Cani.
202 3936 278 3987 Mart.
293 3937 380 4004 Epist.
394 3938 462 4001 Vlll,
478 3940 520 4002 56,
537 3940 563 3991 3.
580 3966 615 3979 -
627 3954 687 3990 666-
729 3939 831 4007 conjux.
847 3940 888 3991 ct.
898 3939 958 3994 620.
974 3938 1125 3993 1161111666.
1136 3937 1179 4001 IV,
1188 3938 1239 3990 358
1247 3955 1302 4005 sqq.

113 4021 181 4126 φα,
201 4005 295 4060 valida.
333 4006 372 4057 De
391 4009 495 4072 repetitu
514 4010 558 4059 illo
578 4008 624 4063 sed
633 4009 685 4058 vid.
798 4037 833 4051 -
841 4010 944 4078 plausu
957 4011 1034 4071 secet
1051 4008 1121 4059 bane
1134 4008 1259 4074 (vaccam)
1277 4017 1304 4064 et

139 4073 158 4138 I,
179 4073 240 4128 512.
259 4071 292 4137 V,
315 4073 358 4124 17.
379 4074 440 4125 567.
462 4103 499 4114 -
520 4078 580 4129 567.
599 4079 688 4130 hema
933 4085 1043 4146 6666666
1056 4079 1152 4129 mulcet

106 4141 204 4194 ‘flumen
228 4148 255 4194 et
272 4143 341 4193 lacus
353 4143 490 4207 Argolidis,
508 4145 552 4195 ubi
566 4148 687 4199 Hercules
797 4148 881 4217 June,
902 4148 1033 4201 midmti
1047 4148 1167 4199 cohibeas
1185 4148 1303 4216 suspirie

114 4212 254 4263 Lernaeam
267 4212 370 4281 hydram
381 4211 482 4262 cecidit.
501 4213 547 4276 IX,
560 4215 603 4266 62.
623 4216 683 4269 136.
934 4218 1022 4269 cultu.

113 4282 152 4334 ns
173 4281 254 4332 forna
270 4281 390 4332 credonis
407 4282 476 4332 cuni.
494 4281 526 4346 V,
541 4284 602 4338 286.
625 4285 683 4348 XV,
798 4286 867 4341 Mox
878 4287 918 4341 ita
934 4289 1031 4339 adorta
1043 4285 1147 4337 locem:
1170 4285 1207 4338 da
1225 4303 1304 4338 carus

17 4404 31 4439 ΙΙ,
114 4351 175 4406 565.
190 4351 251 4402 566.
944 4373 1053 4409 munera
1065 4365 1182 4422 nuptae,-

149 4420 211 4474 528.
240 4419 449 4495 Itym-am·
518 4417 593 4472 redut
615 4435 686 4473 mons
799 4426 925 4496 hreusgo
944 4427 1055 4480 6266166
1068 4425 1238 4492 pecudijuns
1252 4441 1306 4494 pu-

105 4489 252 4560 Argelidis,
269 4504 303 4547 u
315 4506 365 4559 quc
378 4489 484 4543 Inachus
515 4489 687 4543 6616666661-
937 4512 1005 4551 scus
1019 4497 1105 4566 611366

146 4778 179 4829 .
1226 4680 1314 4833 Ὁ
