2864 4890
190 199 241 254 XX
612 191 971 250 ttttttoottctto.

195 367 227 420 at
246 353 349 417 multa
376 348 441 416 alia
472 349 542 416 sive
569 346 754 414 aemulandi
782 370 877 414 causa
895 346 967 413 sive
986 359 1037 430 nt,
1064 345 1151 432 quod
1181 344 1388 435 probabilius

196 470 255 536 est,
276 452 427 519 imitandi
448 450 720 539 vituperationem
738 450 879 532 vitaret,
898 469 958 515 suo
979 451 1077 515 modo
1097 463 1180 515 totas
1197 447 1385 518 afinxen‘t.

196 555 392 642 Quanquam
414 577 517 642 panca
546 577 589 618 ex
609 552 682 617 aliis
702 552 914 640 scriptoribus
943 573 1096 639 expressa
1119 573 1189 616 csse
1208 551 1384 618 manifesto

196 671 331 724 constat.
394 654 526 722 Scilicet
550 680 625 720 cum
651 655 688 719 in
717 655 829 719 eodem
859 669 1070 741 argumento,
1099 676 1164 738 quo
1199 652 1295 718 multi
1326 652 1385 720 alii

195 775 310 849 poetae
331 774 406 824 ante
428 758 529 846 epici,
552 755 687 844 tragici,
709 755 826 846 lyrici,
853 772 1056 837 versaretur3
1082 754 1154 821 fieri
1175 778 1243 821 non
1264 755 1384 844 potuit,

196 861 275 947 quin
296 861 454 927 nonnulla
475 859 622 941 axillis,
645 881 726 944 quae
747 857 925 924 memoriae
945 856 1014 948 ejus
1035 857 1255 940 inhaererent,
1276 858 1385 926 invito

195 985 234 1029 ac
253 964 322 1029 fere
341 961 445 1028 inscio
466 960 552 1027 inter
573 959 789 1048 componendi
810 960 960 1029 ardorem
988 959 1025 1025 in
1045 961 1209 1026 calamum
1229 960 1384 1027 incurre-

194 1081 268 1132 rent
288 1064 531 1149 orationemque
553 1061 622 1152 ejus
643 1064 838 1127 colorarent.
888 1060 999 1127 Pauca
1021 1076 1130 1128 tamen
1154 1062 1252 1129 etiam
1269 1077 1385 1152 sponte

195 1182 227 1233 et
248 1166 406 1246 consilio,
427 1187 495 1229 non
516 1163 666 1229 imitandi
686 1164 741 1229 sed
763 1161 876 1253 judicii
898 1164 950 1229 sui
979 1179 1010 1229 et
1041 1164 1208 1231 doctrinae
1237 1165 1384 1252 probata·

195 1268 255 1333 dae
275 1290 370 1332 causa
392 1264 530 1332 carmini
550 1288 610 1330 suo
632 1265 784 1332 intexuit.
804 1344 808 1360 λ
836 1265 932 1351 Quod
956 1267 1053 1332 etiem
1074 1266 1137 1356 ipsi
1154 1281 1280 1333 veteres
1299 1265 1385 1333 scri·

168 1385 303 1459 ptores
325 1367 642 1450 animadverterunt,
671 1383 709 1433 ut
733 1365 857 1434 Seneca
886 1367 942 1452 qui
967 1365 1103 1437 Suasor.
1134 1367 1197 1434 lll.
1225 1391 1264 1435 sa
1284 1369 1326 1435 de
1345 1390 1385 1435 rs
1410 1362 1414 1368 ’

194 1473 274 1538 baec
294 1470 424 1537 scribit:
446 1473 517 1534 Hoc
540 1480 644 1534 cedem
667 1475 733 1552 (sc.
759 1469 947 1536 manifestas
975 1469 1117 1536 aliorum
1137 1469 1334 1541 imitationes
1352 1482 1385 1536 et

138 1550 145 1603 Ι
194 1572 395 1658 allusiones)
422 1575 543 1636 dicebat
566 1576 666 1637 Gallio
687 1574 809 1638 Nasoni
819 1594 874 1637 suo
894 1576 985 1636 valde
991 1577 1144 1658 placuisse
1155 1579 1258 1657 itaqua
1267 1578 1385 1657 sambae

194 1679 276 1760 quod
293 1682 325 1739 ἐπ
346 1678 448 1739 medea
472 1678 539 1738 alet
559 1678 693 1740 emulus
714 1678 853 1761 Virgilius
865 1681 989 1757 fecerat
1008 1697 1070 1739 noa
1089 1679 1272 1761 snrrqriends'
1287 1697 1385 1740 cum

131 1846 134 1853 ,
194 1781 251 1841 sed
260 1781 368 1862 palam
388 1779 538 1853 incitandi,
560 1781 616 1840 boc
637 1783 740 1842 animo
760 1787 794 1842 et
815 1781 903 1841 vellet
924 1785 1058 1862 ugawsct‘.
1087 1779 1196 1864 Atque
1212 1779 1253 1845 de
1274 1776 1384 1844 laudi·

128 1858 133 1923 l
194 1881 254 1945 bus
276 1904 314 1944 ac
334 1879 510 1945 virtutibus
532 1880 836 1966 metamorphoseon
857 1879 987 1965 quidem
1008 1881 1175 1947 hacteuus.

278 1980 389 2047 Restat
411 1995 449 2045 ut
469 1980 617 2047 devitiis
640 1996 671 2048 et
693 1982 815 2069 egregii
845 1981 990 2070 eorporis
1013 1981 1127 2048 naevis
1156 1982 1302 2049 breviter
1322 2005 1383 2049 ex·

193 2083 344 2173 plicetur.
386 2083 437 2148 Ac
459 2083 498 2147 de
521 2106 557 2148 ea
579 2081 704 2171 rojam
726 2098 871 2166 veteres,
899 2084 1034 2168 quisue
1055 2083 1118 2172 ipsi
1140 2107 1239 2173 opera
1262 2084 1384 2173 optime

194 2185 424 2267 aestimabant,
449 2184 597 2251 distincte
617 2202 648 2251 et
669 2209 748 2252 vere
774 2184 1014 2276 judicaverunt.
1064 2184 1152 2253 Nam
1176 2208 1265 2251 nunc
1284 2184 1386 2252 lasci*

193 2288 267 2356 vire
285 2287 426 2355 Nasonis
446 2286 635 2374 ingenium,
656 2311 745 2352 nunc
764 2287 904 2358 nimium
926 2311 1014 2370 esse,
1037 2312 1125 2353 nunc
1142 2287 1267 2354 ammae
1296 2287 1384 2354 dest-

193 2413 273 2455 nere
293 2412 469 2469 censuere3
492 2410 575 2477 quae
596 2389 727 2474 quidem
751 2388 873 2479 judicia
902 2388 1011 2456 verbis
1038 2389 1242 2477 discrepant,
1271 2413 1309 2456 re
1332 2405 1384 2457 at·‘

194 2515 257 2577 que
278 2490 434 2555 sententia
455 2488 690 2577 propemodum
710 2491 923 2558 consentiunt.
957 2488 1001 2555 Et
1019 2512 1100 2555 vero
1121 2491 1163 2555 ad
1184 2491 1386 2558 nimietatem

193 2593 349 2682 pleraque
371 2614 452 2676 quae
474 2615 549 2657 cum
571 2591 607 2656 in
631 2591 745 2685 Ovidii
767 2592 965 2659 carminibus
985 2592 1137 2674 omuino,
1166 2607 1236 2658 tum
1257 2593 1294 2659 iu
1314 2616 1385 2660 me·

194 2693 428 2780 tamorpbosesi
459 2693 636 2780 dequibus
665 2696 849 2781 quaerimus
875 2694 1182 2783 reprehenduntur,
1216 2697 1386 2763 commode

194 2797 344 2863 revocari
364 2812 511 2884 possunt.
553 2796 631 2863 Non
653 2821 731 2863 raro
751 2797 840 2863 enim
868 2796 1106 2885 ita'peecatum
1124 2797 1324 2886 reperimus,
1347 2812 1387 2866 nt

195 2899 307 2963 eadem
328 2897 418 2963 notio
433 2912 490 2963 aut
510 2899 667 2964 sententia
691 2898 788 2964 nimis
806 2923 902 2988 saepe
921 2899 1070 2966 varietur
1091 2914 1123 2966 ct
1142 2924 1230 2966 nune
1244 2899 1386 2988 propriis

193 2999 328 3082 verbis,
359 3001 459 3066 modo
488 3001 686 3088 metaphoris
713 3000 750 3065 in
776 3000 942 3066 inlinitum
972 3025 1074 3089 prope
1101 3003 1157 3067 vel
1187 3017 1273 3068 certe
1297 3003 1386 3069 ultra

194 3125 293 3168 verae
311 3103 491 3190 elegantiae
512 3103 646 3167 modum
667 3102 816 3168 trabatur
841 3118 872 3169 et
899 3102 1105 3184 attenuetur,
1135 3119 1191 3171 aut
1216 3120 1252 3169 ut
1281 3104 1385 3171 oratio

194 3203 273 3271 locis
297 3205 338 3270 ad
356 3219 507 3269 ornatum
528 3205 690 3292 poeticum
717 3204 878 3293 imprimis
907 3205 1032 3272 idoneis
1059 3203 1145 3295 justo
1173 3205 1303 3291 longius
1330 3194 1386 3271 in·

194 3307 326 3372 haereat
347 3320 379 3370 et
397 3304 433 3369 in
450 3306 620 3371 luxuriam
642 3323 811 3393 evagetur.
844 3308 900 3373 Aa
924 3308 1060 3374 eandem
1081 3305 1279 3371 nimietatem
1302 3330 1385 3392 quo·

194 3432 256 3494 qne
276 3406 466 3472 referendae
485 3404 647 3493 imprimis
668 3431 750 3492 quae
770 3411 892 3473 multae
913 3409 1025 3474 insunt
1043 3407 1157 3473 inanes
1178 3408 1385 3496 repetitiones

192 3508 451 3589 versiculorum,
472 3508 716 3589 sententiarum,
740 3510 918 3575 verborum
941 3525 1037 3596 atque
1057 3509 1291 3598 particularum
1311 3511 1385 3595 qui·

192 3613 253 3677 bns
277 3607 380 3675 oratio
399 3630 627 3692 nonnusquam
648 3608 828 3675 ludibunda
850 3613 887 3676 fit
914 3624 971 3675 aut
999 3612 1119 3675 falsum
1140 3611 1283 3674 colorem
1304 3615 1386 3678 affe·

193 3728 304 3778 ctuum
340 3708 475 3797 accipit,
505 3709 564 3775 ubi
603 3709 660 3775 ille
686 3733 841 3777 sensuum
881 3713 994 3778 fervor
1031 3710 1167 3777 minime
1194 3711 1385 3796 requiritur.

193 3811 252 3879 Uti
266 3814 346 3877 haec
364 3811 446 3879 vitia
464 3812 582 3877 emale
596 3825 775 3900 temperata·
786 3813 984 3879 abnndantia
1007 3827 1039 3879 et
1059 3813 1164 3902 copia,
1187 3803 1234 3880 sic
1255 3814 1318 3880 alia
1340 3840 1385 3884 ex

193 3913 277 3979 alius
299 3913 430 3981 virtutis
451 3915 553 3981 abusu
574 3917 760 3997 duxeruut,
784 3938 828 3981 ex
848 3915 1037 3982 dicacitatis.
1074 3916 1282 4005 Quantopere
1298 3918 1385 3985 Ovi·

192 4014 264 4080 dins
285 4017 429 4081 carmina
449 4040 508 4081 sna
530 4018 631 4084 acutis
653 4034 684 4084 et
707 4017 800 4084 dictis
822 4033 854 4084 et
874 4017 1040 4084 sententiis
1061 4033 1094 4083 ‘et
1116 4019 1251 4084 omnino
1275 4020 1383 4086 omni·

191 4117 253 4181 bus
274 4115 371 4207 liujus
393 4117 522 4206 generis
542 4120 755 4187 suavitatibus
777 4120 954 4203 condierit,
985 4143 1081 4186 nemo
1103 4121 1159 4206 qui
1182 4145 1219 4187 ea
1241 4122 1384 4191 curatius

190 4219 283 4305 legit,
302 4219 444 4306 ignorat.
486 4217 613 4286 Verum
634 4243 728 4310 saepe
749 4222 811 4288 lrac
832 4222 955 4288 eximia
981 4222 1022 4287 ad
1044 4223 1204 4311 poeticam
1225 4226 1382 4292 facultate

190 4321 276 4386 ultra
297 4345 397 4388 verae
418 4321 595 4409 elegantiae
616 4323 772 4391 terminos
792 4346 862 4391 sese
883 4323 989 4412 abripi
1004 4347 1115 4412 passus
1136 4340 1195 4392 est.
1233 4325 1315 4393 Inde
1328 4327 1384 4394 ni·

189 4421 276 4489 mius
305 4423 512 4491 sntitbeeium
544 4447 621 4491 usus
651 4440 746 4512 atque
773 4425 1029 4494 concinnitatum
1063 4442 1131 4495 tam
1169 4428 1204 4493 in
1231 4428 1384 4496 versibus
